@INPROCEEDINGS{HEB-STO-2001,
 author =    {Heber, S. and Stoye, J.},
 title =     {Finding all Common Intervals of $k$ Permutations},
 booktitle = {Proceedings of the 12th Annual Symposium on Combinatorial Pattern
              Matching, CPM 01},
 editor =    {Amir, A. and Landau, G.},
 publisher = {Springer Verlag},
 series =    {LNCS},
 volume =    {2089},
 pages =     {207-218},
 year =      2001
}

@INPROCEEDINGS{HEB-STO-2001B,
 author =    {Heber, S. and Stoye, J.},
 title =     {Algorithms for Finding Gene Clusters},
 booktitle = {Proceedings of the 1st Workshop on Algorithms in BioInformatics,
              WABI 01},
 editor =    {Gascuel, O. and Moret, B.},
 publisher = {Springer Verlag},
 series =    {LNCS},
 volume =    {2149},
 pages =     {254-265},
 year =      2001
}

@ARTICLE{TON-PER-STO-DRE-1996,
 author =    {T{\"o}nges, U. and Perrey, S. W. and Stoye, J. and
              Dress, A. W. M.},
 title =     {A General Method for Fast Multiple Sequence Alignment}, 
 journal =   {Gene},
 volume =    {172},
 number =    {1},
 pages =     {GC33-GC41}, 
 year =      1996
}

@ARTICLE{STO-PER-DRE-1997,
 author =    {Stoye, J. and Perrey, S. W. and Dress, A. W. M.},
 title =     {Improving the Divide-and-Conquer Approach to Sum-of-Pairs
              Multiple Sequence Alignment},
 journal =   {Appl. Math. Lett.},
 volume =    {10},
 number =    {2},
 pages =     {67-73},
 year =      1997
}

@ARTICLE{BRI-DRE-PER-STO-1997C,
 author =    {Brinkmann, G. and Dress, A. W. M. and Perrey, S. W. and
              Stoye, J.},
 title =     {Two Applications of the Divide\&Conquer Principle
              in the Molecular Sciences},
 journal =   {Math. Program.},
 volume =    {79},
 pages =     {71-97},
 year =      1997
}

@ARTICLE{STO-MOU-DRE-1997,
 author =    {Stoye, J. and Moulton, V. and Dress, A. W. M.},
 title =     {{DCA}: An Efficient Implementation of the Divide-and-Conquer
              Approach to Simultaneous Multiple Sequence Alignment},
 journal =   {CABIOS},
 volume =    {13},
 number =    {6},
 pages =     {625-626},
 year =      1997
}

@ARTICLE{DRE-MOR-STO-1998,
 author =    {Dress, A. and Morgenstern, B. and Stoye, J.},
 title =     {The Number of Standard and of Effective Multiple Alignments},
 journal =   {Appl. Math. Lett.},
 volume =    {11},
 number =    {4},
 pages =     {43-49},
 year =      1998
}

@ARTICLE{STO-1998,
 author =    {Stoye, J.},
 title =     {Multiple Sequence Alignment with the Divide-and-Conquer Method},
 journal =   {Gene},
 volume =    {211},
 number =    {2},
 pages =     {GC45-GC56},
 year =      1998
}

@ARTICLE{REI-STO-WIL-2000,
 author =    {Reinert, K. and Stoye, J. and Will, T.},
 title =     {An Iterative Method for Faster Sum-of-Pairs Multiple Sequence
              Alignment},
 journal =   {Bioinformatics},
 volume =    {16},
 number =    {9},
 pages =     {808-814},
 year =      2000
}

@ARTICLE{SAM-ROT-ESS-ALB-STO-HAR-2003,
 author =    {Sammeth, M. and Rothgänger, J. and Esser, W. and Albert, J. and
              Stoye, J. and Harmsen, D.},
 title =     {{QAlign}: Quality-Based Multiple Alignments with Dynamic
              Phylogenetic Analysis},
 journal =   {Bioinformatics},
 volume =    {19},
 number =    {12},
 pages =     {1592-1593},
 year =      2003
}

@ARTICLE{SAM-MOR-STO-2003,
 author =    {Sammeth, M. and Morgenstern, B. and Stoye, J.},
 title =     {Divide-and-conquer Multiple Alignment with Segment-Based
              Constraints},
 journal =   {Bioinformatics},
 volume =    {19},
 number =    {Suppl. 2},
 pages =     {ii189-ii195},
 note =      {(Proceedings of ECCB 2003)},
 year =      2003
}

@ARTICLE{POL-BER-STO-CEL-EIS-2004,
 author =    {Pollard, D. A. and Bergman, C. M. and Stoye, J. and
              Celniker, S. E. and Eisen, M. B.},
 title =     {Benchmarking Tools for the Alignment of Functional Noncoding
              {DNA}},
 journal =   {BMC Bioinformatics},
 volume =    {5},
 number =    {6},
 year =      2004
}

@TECHREPORT{STO-2000,
 author =      {Stoye, J.},
 title =       {Affix Trees},
 type =        {Report},
 number =      {2000-04},
 institution = {Technische Fakult{\"a}t der Universit{\"a}t Bielefeld,
                Abteilung Informationstechnik},
 year =        2000
}

@ARTICLE{GIE-KUR-STO-2003,
 author =    {Giegerich, R. and Kurtz, S. and Stoye, J.},
 title =     {Efficient \marginstar Implementation of Lazy Suffix Trees},
 journal =   {Softw. Pract. Exper.},
 volume =    {33},
 number =    {11},
 pages =     {1035-1049}, 
 year =      2003
}

@TECHREPORT{SCH-STO-2003,
 author =      {Schürmann, K.-B. and Stoye, J.},
 title =       {Suffix Tree Construction and Storage with Limited Main Memory},
 type =        {Report},
 number =      {2003-06},
 institution = {Technische Fakult{\"a}t der Universit{\"a}t Bielefeld,
                Abteilung Informationstechnik},
 year =        2003
}

@ARTICLE{BRO-LYN-PED-STO-2000,
 author =    {Brodal, G. S. and Lyngsø, R. B. and Pedersen, C. N. S. and
              Stoye, J.},
 title =     {Finding Maximal Pairs with Bounded Gap},
 journal =   {J. Discr. Alg.},
 volume =    {1},
 pages =     {77-104},
 year =      2000
}

@ARTICLE{KUR-CHO-OHL-SCH-STO-GIE-2001,
 author =    {Kurtz, S. and Choudhuri, J. V. and Ohlebusch, E. and
              Schleiermacher, C. and Stoye, J. and Giegerich, R.},
 title =     {\marginstar{REP}\-uter: the Manifold Applications of Repeat Analysis on a
              Genomic Scale},
 journal =   {Nucleic Acids Res.},
 volume =    {29},
 number =    {22},
 pages =     {4643-4653},
 year =      2001
}

@ARTICLE{STO-GUS-2002,
 author =    {Stoye, J. and Gusfield, D.},
 title =     {Simple and Flexible Detection of Contiguous Repeats Using a
              Suffix Tree},
 journal =   {Theor. Comput. Sci.},
 volume =    {270},
 number =    {1-2},
 pages =     {843-856},
 year =      2002
}

@UNPUBLISHED{GUS-STO,
 author =    {Gusfield, D. and Stoye, J.},
 title =     {Linear Time Algorithms for Finding and Representing all the
              Tandem Repeats in a String},
 note =      {Angenommen bei \textit{J. Comput. Syst. Sci.}}
}

@ARTICLE{STO-EVE-MEY-1998,
 author =    {Stoye, J. and Evers, D. and Meyer, F.},
 title =     {Rose: Generating Sequence Families},
 journal =   {Bioinformatics},
 volume =    {14},
 number =    {2},
 pages =     {157-163},
 year =      1998
}

@ARTICLE{KRA-STO-VIN-2000,
 author =    {Krause, A. and Stoye, J. and Vingron, M.}, 
 title =     {The {SYSTERS} Protein Sequence Cluster Set},
 journal =   {Nucleic Acids Res.},
 volume =    {28},
 number =    {1},
 pages =     {270-272},
 year =      2000
}
 
@ARTICLE{HEB-STO-FRO-HOH-VIN-2000,
 author =    {Heber, S. and Stoye, J. and Frohme, M. and Hoheisel, J. and
              Vingron, M.},
 title =     {Contig Selection in Physical Mapping},
 journal =   {J. Comp. Biol.},
 volume =    {7},
 number =    {3/4},
 pages =     {395-408}, 
 year =      2000
}

@ARTICLE{SPA-REH-STO-2002,
 author =    {Spang, R. and Rehmsmeier, M. and Stoye, J.},
 title =     {A Novel Approach to Remote Homology Detection: Jumping
              Alignments},
 journal =   {J. Comp. Biol.},
 volume =    {9},
 number =    {5},
 pages =     {747-760},
 year =      2002
}

@INPROCEEDINGS{BAN-STO-2003,
 author =    {Bannert, C. and Stoye, J.},
 title =     {Evaluation of the Jumping Alignment Algorithm with Artificial and               Biological Data},
 booktitle = {Proc. of the German Conference on Bioinformatics, GCB 2003},
 pages =     {21-25},
 keywords =  {ALIGNMENT,JUMPING_ALIGNMENT,DATABASE_SEARCH},
 year =      2003 
}

@ARTICLE{CIE-ERL-LIP-STO-WEL-2004,
 author =    {Cieliebak, M. and Erlebach, T. and Lipták, Z. and
                Stoye, J. and Welzl, E.},
 title =     {Algorithmic Complexity of Protein Identification: Combinatorics
              of Weighted Strings},
 journal =   {Discrete Appl. Math.},
 volume =    {137},
 number =    {1},
 pages =     {27-46},
 year =      2004
}

@ARTICLE{BER-HEB-STO-2002,
 author =    {Bergeron, A. and Heber, S. and Stoye, J.},
 title =     {Common Intervals and Sorting by Reversals:
              A Marriage of Necessity},
 journal =   {Bioinformatics},
 volume =    {18},
 number =    {Suppl. 2},
 pages =     {S54-S63},
 note =      {(Proceedings of ECCB 2002)},
 year =      2002
}

@INPROCEEDINGS{BER-STO-2003B,
 author =    {Bergeron, A. and Stoye, J.},
 title =     {On the Similarity of Sets of Permutations and its
              Applications to Genome Comparison},
 booktitle = {Proceedings of the 9th Annual International Conference on
              Computing and Combinatorics, COCOON 2003},
 editor =    {Warnow, T. and Zhu, B.},
 publisher = {Springer Verlag},
 series =    {LNCS},
 volume =    {2697},
 pages =     {68-79},
 year =      2003
}

@UNPUBLISHED{BER-MIX-STO-2004,
 author =    {Bergeron, A. and Mixtacki, J. and Stoye, J.},
 title =     {Reversal Distance without Hurdles and Fortresses},
 note =      {Akzeptiert bei \textit{Annual Symposium on Combinatorial
              Pattern Matching, CPM 2004}}
}

@UNPUBLISHED{SCH-STO-2004,
 author =    {Schmidt, T. and Stoye, J.},
 title =     {Quadratic Time Algorithms for Finding Common
              Intervals in Two and More Sequences},
 note =      {Akzeptiert bei \textit{Annual Symposium on Combinatorial
              Pattern Matching, CPM 2004}}
}

@ARTICLE{MER-HUY-JAE-SCH-BOR-SNE-2003,
 author =    {von Mering, C. and Huynen, M. and Jaeggi, D. and Schmidt, S. and 
              Bork, P. and Snel, B.},
 title =     {{STRING}: A Database of Predicted Functional Associations Between               Proteins},
 journal =   {Nucleic Acids Res.},
 volume =    {31},
 number =    {1},
 pages =     {258-261},
 year =      2003
}

@ARTICLE{OVE-FON-DSO-PUS-MAL-1999,
 author =    {Overbeek, R. and Fonstein, M. and D'Souza, M. and
              Pusch, G. D. and Maltsev, N.},
 title =     {The Use of Gene Clusters to Infer Functional Coupling},
 journal =   {Proc. Natl. Acad. Sci. USA},
 volume =    {96},
 number =    {6},
 pages =     {2896-2901},
 year =      1999 
}

@INCOLLECTION{AND-ERI-2000,
 author =    {Andersson, S. G. E. and Eriksson, K.},
 title =     {Dynamics of Gene Order Structures and Genomic Architectures},
 booktitle = {Comparative Genomics},
 editor =    {Sankoff, D. and Nadeau, J. H.},
 publisher = {Kluwer Academic Publisher},
 address =   {London},
 series =    {Computational Biology Series},
 volume =    {1},
 pages =     {267-280},
 keywords =  {GENOME_STRUCTURE},
 year =      2000
}

@INPROCEEDINGS{SAN-1992,
 author =    {Sankoff, D.},
 title =     {Edit Distance for Genome Comparison Based on Non-Local
              Operations},
 booktitle = {Proceedings of the Third Annual Symposium on Combinatorial
              Pattern Matching, CPM 1992},
 editor =    {Apostolico, A. and Crochemore, M. and Galil, Z. and Manber, U.},
 publisher = {Springer Verlag},
 series =    {LNCS},
 volume =    {644},
 pages =     {121-135},
 year =      1992
}

@INPROCEEDINGS{KEC-SAN-1993,
 author =    {Kececioglu, J. D. and Sankoff, D.},
 title =     {Exact and Approximation Algorithms for Sorting by Reversals,
              With Applications to Genome Rearrangement},
 booktitle = {Proceedings of the 4th Annual Symposium on Combinatorial Pattern
              Matching, CPM 1993},
 editor =    {Apostolico, A. and Crochemore, M. and Galil, Z. and Manber, U.},
 publisher = {Springer Verlag},
 series =    {LNCS},
 volume =    {684},
 pages =     {87-105},
 year =      1993
}

@INPROCEEDINGS{KEC-SAN-1994,
 author =    {Kececioglu, J. D. and Sankoff, D.},
 title =     {Efficient Bounds for Oriented Chromosome Inversion Distance},
 booktitle = {Proceedings of the 5th Annual Symposium on Combinatorial Pattern
              Matching, CPM 1994},
 editor =    {Crochemore, M. and Gusfield, D.},
 publisher = {Springer Verlag},
 series =    {LNCS},
 volume =    {807},
 pages =     {307-325},
 year =      1994
}

@INPROCEEDINGS{HAN-PEV-1995B,
 author =    {Hannenhalli, S. and Pevzner, P. A.},
 title =     {Transforming Cabbage Into Turnip (Polynomial Algorithm for
              Sorting Signed Permutations by Reversals)},
 booktitle = {Conf. Proc. 27th Annu. ACM Symp. Theory Comput., STOC 1995},
 publisher = {ACM Press},
 pages =     {178-189},
 year =      1995
}

@INPROCEEDINGS{HAN-PEV-1995C,
 author =    {Hannenhalli, S. and Pevzner, P. A.},
 title =     {Transforming Men Into Mice (Polynomial Algorithm for Genomic
              Distance Problem)},
 booktitle = {Proc. 36th Annu. Symp. Found. Comput. Sci., FOCS 1995},
 publisher = {IEEE Press},
 pages =     {581-592},
 year =      1995
}

@INPROCEEDINGS{BER-HAN-1996,
 author =    {Berman, P. and Hannenhalli, S.},
 title  =    {Fast Sorting By Reversal},
 booktitle = {Proceedings of the 7th Annual Symposium on Combinatorial Pattern
              Matching, CPM 1996},
 editor =    {Hirschberg, D. and Myers, G.},
 publisher = {Springer Verlag},
 series =    {LNCS},
 volume =    {1075},
 pages =     {168-185},
 year =      1996
}

@ARTICLE{WAT-EWE-HAL-MOR-1982,
 author =    {Watterson, G. A. and Ewens, W. J. and Hall, T. E. and
              Morgan, A.},
 title =     {The Cromosome Inversion Problem},
 journal =   {J. Theor. Biol.}, 
 volume =    {99},
 pages =     {1-7},
 year =      1982
}

@ARTICLE{BAD-MOR-YAN-2001B,
 author =    {Bader, D. A. and Moret, B. M. E. and Yan, M.},
 title =     {A Linear-Time Algorithm for Computing Inversion Distance between
              Signed Permutations with an Experimental Study},
 journal =   {J. Comp. Biol.},
 volume =    {8},
 number =    {5},
 pages =     {483-491},
 year =      2001
}

@INPROCEEDINGS{BER-2001,
 author =    {Bergeron, A.},
 title =     {A Very Elementary Presentation of the {H}annenhalli-{P}evzner
              Theory},
 annote =    {*** booktitle = {\cite{CPM-2001}}, ***},
 booktitle = {Proceedings of the 12th Annual Symposium on Combinatorial Pattern
              Matching, CPM 2001},
 editor =    {Amir, A. and Landau, G.},
 publisher = {Springer Verlag},
 series =    {LNCS},
 volume =    {2089},
 pages =     {106-117},
 keywords =  {GENOME_REARRANGEMENT,SIGNED_SBR},
 annote =    {for journal version, see \cite{???} (Discrete Appl. Math)},
 year =      2001
}

@ARTICLE{BAF-PEV-1998,
 author =    {Bafna, V. and Pevzner, P. A.},
 title =     {Sorting by Transpositions},
 journal =   {SIAM J. Disc. Math.},
 volume =    {11},
 number =    {2},
 pages =     {224-240},
 year =      1998
}

@ARTICLE{ERI-ERI-KAR-SVE-WAS-2001,
 author =    {Eriksson, H. and Eriksson, K. and Karlander, J. and
              Svensson, L. and Wästlund, J.},
 title =     {Sorting a {B}ridge Hand},
 journal =   {Discrete Math.},
 volume =    {241},
 pages =     {289-300},
 year =      2001
}

@INPROCEEDINGS{HAR-2003,
 author =    {Hartman, T.},
 title =     {A Simpler 1.5-Approximation Algorithm for Sorting by
              Transpositions},
 booktitle = {Proceedings of the 14th Annual Symposium on Combinatorial Pattern
              Matching, CPM 2003},
 editor =    {Baeza-Yates, R. and Chávez, E. and Crochemore, M.},
 publisher = {Springer Verlag},
 series =    {LNCS},
 volume =    {2676},
 pages =     {156-169},
 year =      2003
}

@INPROCEEDINGS{WAL-CUR-OLI-2003,
 author =    {Walter, M. E. M. T. and Curado, L. R. A. F. and Oliveira, A. G.},
 title =     {Working on the Problem of Sorting by Transpositions on Genome
              Rearrangements},
 booktitle = {Proceedings of the 14th Annual Symposium on Combinatorial Pattern
              Matching, CPM 2003},
 editor =    {Baeza-Yates, R. and Chávez, E. and Crochemore, M.},
 publisher = {Springer Verlag},
 series =    {LNCS},
 volume =    {2676},
 pages =     {372-383},
 year =      2003
}

@PHDTHESIS{CHR-1998,
 author =    {Christie, D. A.},
 title =     {Genome Rearrangement Problems}, 
 type =      {{PhD} Thesis},
 school =    {The University of Glasgow},
 year =      1998
}

@ARTICLE{CAP-1999,
 author =    {Caprara, A.},
 title =     {Sorting Permutations by Reversals and {E}ulerian Cycle
              Decompositions},
 journal =   {SIAM J. Disc. Math.},
 volume =    {12},
 pages =     {91-110},
 year =      1999
}

@INCOLLECTION{BOR-SNE-LEH-SUY-DAN-LAT-HUY-2000,
 author =    {Bork, P. and Snel, B. and Lehmann, G. and Suyama, M. and
              Dandekar, T. and Lathe III, W. and Huynen, M. A.},
 title =     {Comparative Genome Analysis: Exploiting the Context of Genes to
              Infer Evolution and Predict Function},
 booktitle = {Comparative Genomics},
 editor =    {Sankoff, D. and Nadeau, J. H.},
 publisher = {Kluwer Academic Publishers},
 address =   {London},
 series =    {Computational Biology Series},
 volume =    {1},
 pages =     {281-294},
 year =      2000
}

@ARTICLE{MAR-PEL-NG-RIC-YEA-EIS-1999,
 author =    {Marcotte, E. M. and Pellegrini, M. and Ng, H. L. and
              Rice, D. W. and Yeates, T. O. and Eisenberg, D.},
 title =     {Detecting Protein Function and Protein-Protein Interactions from
              Genome Sequences},
 journal =   {Science},
 volume =    {285},
 pages =     {751-753},
 keywords =  {GENOME_STRUCTURE},
 year =      1999
}
 
@ARTICLE{TAT-MUS-BOR-BRO-HAY-BOR-RUD-KOO-1996,
 author =    {Tatusov, R. L. and Mushegian, A. R. and Bork, P. and
              Brown, N. P. and Hayes, W. S. and Borodovsky, M. and
              Rudd, K. E. and Koonin, E. V.},
 title =     {Metabolism and Evolution of \textit{{H}aemophilus {i}nfluenzae}
              Deduced form a Whole-Genome Comparison with \textit{{E}scherichia
              {c}oli}},
 journal =   {Curr. Biol.},
 volume =    {6},
 pages =     {279-291},
 year =      1996
}

@ARTICLE{TAM-CAS-OUZ-VAL-1997,
 author =    {Tamames, J. and Casari, G. and Ouzounis, C. and Valencia, A.},
 title =     {Conserved Clusters of Functionally Related Genes in Two Bacterial
              Genomes},
 journal =   {J. Mol. Evol.},
 volume =    {44},
 number =    {1},
 pages =     {66-73},
 year =      1997
}

@ARTICLE{DAN-SNE-HUY-BOR-1998,
 author =    {Dandekar, T. and Snel, B. and Huynen, M. and Bork, P.},
 title =     {Conservation of Gene Order: A Fingerprint of Proteins that
              Physically Interact},
 journal =   {Trends Biochem. Sci.},
 volume =    {23},
 number =    {9},
 pages =     {324-328},
 year =      1998
}
 
@ARTICLE{TAM-GON-MIN-VAL-VIC-2001,
 author =    {Tamames,  J. and Gonzalez-Moreno, M. and Mingorance, J. and
              Valencia, A. and Vicente, M.},
 title =     {Bringing Gene Order into Bacterial Shape},
 journal =   {Trends Genet.},
 volume =    {17},
 number =    {3},
 pages =     {124-126},
 year =      2001
}

@ARTICLE{FUJ-OGA-MAT-KAN-2000,
 author =    {Fujibuchi, W. and Ogata, H. and Matsuda, H. and Kanehisa, M.},
 title =     {Automatic Detection of Conserved Gene Clusters in Multiple
              Genomes by Graph Comparison and {P}-Quasi Grouping},
 journal =   {Nucleic Acids Res.},
 volume =    {28},
 number =    {20},
 pages =     {4029-4036},
 year =      2000
}
 
@ARTICLE{HUY-SNE-BOR-2001,
 author =    {Huynen, M. A. and Snel, B. and Bork, P.},
 title =     {Inversions and the Dynamics of Eukaryotic Gene Order},
 journal =   {Trends Genet.},
 volume =    {17},
 number =    {6},
 pages =     {304-306},
 year =      2001
}

@ARTICLE{HAN-PEV-1999,
 author =    {Hannenhalli, S. and Pevzner, P. A.},
 title =     {Transforming Cabbage into Turnip: Polynomial Algorithm for
              Sorting Signed Permutations by Reversals},
 journal =   {J. ACM},
 volume =    {46},
 number =    {1},
 pages =     {1-27},
 year =      1999
}

@ARTICLE{KAP-SHA-TAR-1999,
 author =    {Kaplan, H. and Shamir, R. and Tarjan, R. E.},
 title =     {A Faster and Simpler Algorithm for Sorting Signed Permutations by
              Reversals},
 journal =   {SIAM J. Computing},
 volume =    {29},
 number =    {3},
 pages =     {880-892},
 year =      1999
}

@ARTICLE{UNO-YAG-2000,
 author =    {Uno, T. and Yagiura, M.},
 title =     {Fast Algorithms to Enumerate All Common Intervals of Two
              Permutations},
 journal =   {Algorithmica},
 volume =    {26},
 number =    {2},
 pages =     {290-309},
 year =      2000
}

@ARTICLE{CRE-CRE-2001,
 author =    {Cremer, T. and Cremer, C.},
 title =     {Chromosome Territories, Nuclear Architecture and Gene Regulation 
              in Mammalian Cells},
 journal =   {Nat. Rev. Genet.},
 volume =    {2},
 number =    {4},
 pages =     {292-301},
 year =      2001
}

@ARTICLE{SAI-NEI-1987,
 author =    {Saitou, N. and Nei, M.}, 
 title =     {The Neighbor-Joining Method: A New Method for 
              Reconstructing Phylogenetic Trees},
 journal =   {Mol. Biol. Evol.},
 volume =    {4},
 number =    {4},
 pages =     {406-425},
 year =      1987
}
 
@INPROCEEDINGS{BRY-MOU-2002,
 author =    {Bryant, D. and Moulton, V.},
 title =     {{NeighborNet}: An Agglomerative Method for the Construction of
              Planar Phylogenetic Networks},
 booktitle = {Proceedings of the Second International Workshop on Algorithms in
              Bioinformatics, WABI 2002},
 editor =    {Guigó, R. and Gusfield, D.},
 publisher = {Springer Verlag},
 series =    {LNCS},
 volume =    {2452},
 pages =     {375-391},
 year =      2002
}

@ARTICLE{TAT-NAT-GAR-TAT-SHA-RAO-KIR-GAL-FED-KOO-2001,
 author =    {Tatusov, R. L. and Natale, D. A. and Garkavtsev I. V. and 
              Tatusova, T. A. and Shankavaram, U. T. and Rao, B. S. and
              Kiryutin, B. and Galperin, M. Y. and Fedorova, N. D. and 
              Koonin E. V.},
 title =     {The {COG} Database: New Developments in Phylogenetic 
              Classification of Proteins from Complete Genomes},
 journal =   {Nucleic Acids Res.},
 volume =    {29},
 number =    {1},
 pages =     {22-28},
 year =      2001
}

@MASTERSTHESIS{STO-1995,
 author =    {Stoye, J.},
 title =     {Affixbäume},
 type =      {Diplomarbeit},
 school =    {Technische Fakultät der Universität Bielefeld},
 year =      1995
}

@INPROCEEDINGS{PER-DRE-STO-1995,
 author =    {Perrey, S. W. and Dress, A. W. M. and Stoye, J.},
 title =     {Statistics for Fragment Comparison --
              A Biologically Motivated Approach to Sequence Alignment},
 booktitle = {Bioinformatik, Informatik in den Biowissenschaften,
              Braunschweig, Germany, October 9-11},
 editor =    {Schomburg, D. and Lessel, U.},
 year =      1995
}
 
@UNPUBLISHED{PED-STO,
 author =    {Pedersen, C. N. S. and Stoye, J.},
 title =     {Reporting Maximal Pairs Using Sorted Leaf-Lists},
 note =      {Un\-ver\-öffent\-lich\-tes Manuskript},
 year =      1998
}

@TECHREPORT{BER-STO-2003,
 author =      {Bergeron, A. and Stoye, J.},
 title =       {On the Similarity of Sets of Permutations and its Applications
                to Genome Comparison},
 type =        {Report},
 number =      {2003-01},
 institution = {Technische Fakultät der Universität Bielefeld,
                Abteilung Informationstechnik},
 annote =      {for conference version, see \cite{BER-STO-2003B}},
 year =        2003
}

@TECHREPORT{CIE-ERL-LIP-STO-WEL-2001,
 author =      {Cieliebak, M. and Erlebach, T. and Lipták, Z. and
                Stoye, J. and Welzl, E.},
 title =       {Algorithmic Complexity of Protein Identification: Combinatorics
                of Weighted Strings},
 institution = {ETH Zürich, Dept. of Computer Science},
 type =        {Technical Report},
 number =      {361},
 year =        2001
}

@TECHREPORT{MOR-STO-DRE-1999,
 author =      {Morgenstern, B. and Stoye, J. and Dress, A.},
 title =       {Consistent Equivalence Relations: A Set-Theoretical Framework
                for Multiple Sequence Alignment},
 institution = {Universität Bielefeld, Forschungsschwerpunkt
                Mathematisierung -- Strukturbildungsprozesse},
 type =        {Materialien/Preprints},
 number =      {133},
 year =        1999
}

@TECHREPORT{BRO-LYN-PED-STO-1999,
 author =      {Brodal, G. S. and Lyngsø, R. B. and Pedersen, C. N. S. and
                Stoye, J.},
 title  =      {Finding Maximal Pairs with Bounded Gap},
 institution = {BRICS},
 number =      {RS-99-12},
 address =     {Department of Computer Science, University of Aarhus,
                Ny Munkegade, 8000 Århus C, Denmark},
 year =        1999
}

@TECHREPORT{GUS-STO-1998,
 author =      {Gusfield, D. and Stoye, J.},
 title =       {Linear Time Algorithms for Finding and Representing all the
                Tandem Repeats in a String},
 institution = {Department of Computer Science, University of California,
                Davis},
 type =        {Report},
 number =      {CSE-98-4},
 keywords =    {STRING_ALGORITHMS,REPEATS,EXACT_REPEATS,EXACT_TANDEM_REPEATS},
 annote =      {for journal version, see \cite{GUS-STO}},
 year =        1998
}

@TECHREPORT{STO-GUS-1998,
 author =      {Stoye, J. and Gusfield, D.},
 title =       {Simple and Flexible Detection of Contiguous Repeats Using a
                Suffix Tree},
 institution = {Department of Computer Science, University of California,
                Davis},
 type =        {Report},
 number =      {CSE-98-2},
 keywords =    {STRING_ALGORITHMS,REPEATS,EXACT_REPEATS,EXACT_TANDEM_REPEATS},
 annote =      {for conference version, see \cite{STO-GUS-1998B}},
 annote =      {for journal version, see \cite{STO-GUS-2002}},
 year =        1998
}

@TECHREPORT{STO-EVE-MEY-1997B,
 author =      {Stoye, J. and Evers, D. and Meyer, F.},
 title =       {Rose: Generating Sequence Families},
 type =        {Report},
 number =      {97-04}, 
 institution = {Technische Fakultät der Universität Bielefeld,
                Abteilung Informationstechnik},
 year =        1997
}

@TECHREPORT{PER-STO-MOU-1997,
 author =      {Perrey, S. W. and Stoye, J. and Moulton, V.},
 title =       {{FDCA}: Fast and Accurate Approximation to Sum-of-Pairs Score
                Optimal Multiple Sequence Alignment},
 institution = {Universität Bielefeld, Forschungsschwerpunkt
                Mathematisierung -- Strukturbildungsprozesse},
 type =        {Materialien/Preprints}, 
 number =      {114},
 year =        1997
}

@TECHREPORT{DRE-MOR-STO-1997,
 author =      {Dress, A. and Morgenstern, B. and Stoye, J.},
 title =       {On the Number of Standard and of Effective Multiple
                Alignments},
 institution = {Universität Bielefeld, Forschungsschwerpunkt
                Mathematisierung -- Strukturbildungsprozesse},
 type =        {Materialien/Preprints}, 
 number =      {112},
 year =        1997 
}

@TECHREPORT{PER-STO-MOU-DRE-1997,
 author =      {Perrey, S. W. and Stoye, J. and Moulton, V. and
                Dress, A. W. M.},
 title =       {On Simultaneous versus Iterative Multiple Sequence Alignment},
 institution = {Universität Bielefeld, Forschungsschwerpunkt
                Mathematisierung -- Strukturbildungsprozesse},
 type =        {Materialien/Preprints}, 
 number =      {111},
 year =        1997
}

@TECHREPORT{BRI-DRE-PER-STO-1997B,
 author =      {Brinkmann, G. and Dress, A. W. M. and Perrey, S. W. and
                Stoye, J.},
 title =       {Two Applications of the Divide \& Conquer Principle
                in the Molecular Sciences},
 institution = {Universität Bielefeld, Forschungsschwerpunkt
                Mathematisierung -- Strukturbildungsprozesse},
 type =        {Materialien/Preprints},
 number =      {109},
 year =        1997
}

@TECHREPORT{BRI-DRE-PER-STO-1997,
 author =      {Brinkmann, G. and Dress, A. W. M. and Perrey, S. W. and
                Stoye, J.},
 title =       {Two Applications of the Divide \& Conquer Principle
                in the Molecular Sciences},
 type =        {Research Report},
 number =      {151},
 institution = {University of Canterbury, Christchurch, New Zealand.
                Department of Mathematics and Statistics},
 year =        1997
}
 
@TECHREPORT{STO-1997,
 author =      {Stoye, J.},
 title =       {Divide-and-Conquer Multiple Sequence Alignment. {Dissertation
                Thesis}},
 type =        {Report},
 number =      {97-02},
 institution = {Technische Fakultät der Universität Bielefeld,
                Abteilung Informationstechnik},
 year =      1997
}

@TECHREPORT{PER-STO-1996,
 author =      {Perrey, S. W. and Stoye, J.},
 title =       {Fast Approximation to the {NP}-Hard Problem of Multiple
                Sequence Alignment},
 institution = {Massey University, New Zealand},
 type =        {Information and Mathematical Sciences Reports, Series B:},
 number =      {96/06},
 year =        1996
}

@TECHREPORT{STO-DRE-PER-1996,
 author =      {Stoye, J. and Dress, A. W. M. and Perrey, S. W.},
 title =       {Improving the Divide-and-Conquer Approach to Sum-of-Pairs
                Multiple Sequence Alignment},
 institution = {Universität Bielefeld, Forschungsschwerpunkt
                Mathematisierung -- Strukturbildungsprozesse},
 type =        {Materialien/Preprints},
 number =      {102},
 year =        1996
}

@TECHREPORT{TON-PER-STO-DRE-1996B,
 author =      {T{\"o}nges, U. and Perrey, S. W. and Stoye, J. and
                Dress, A. W. M.},
 title =       {A General Method for Fast Multiple Sequence Alignment},
 institution = {Universität Bielefeld, Forschungsschwerpunkt
                Mathematisierung -- Strukturbildungsprozesse},
 type =        {Materialien/Preprints},
 number =      {XCIX},
 year =        1996
}

@INPROCEEDINGS{CIE-LIP-WEL-ERL-STO-2002,
 author =    {Cieliebak, M. and Lipták, Z. and Welzl, E. and Erlebach, T. and
              Stoye, J.},
 title =     {Algorithmic Complexity of Protein Identification: Searching in
              Weighted Strings}, 
 booktitle = {Proceedings of the 2nd IFIP International Conference on
              Theoretical Computer Science, TCS 2002: Foundations of
              Information Technology in the Era of Network and Mobile
              Computing},
 editor =    {Baeza-Yates, R. and Montanari, U. and Santoro, N.},
 publisher = {Kluwer Academic Publishers},
 pages =     {143-156},
 year =      2002
}

@INPROCEEDINGS{HEB-STO-FRO-HOH-VIN-2002,
 author =    {Heber, S. and Stoye, J. and Frohme, M. and Hoheisel, J. and
              Vingron, M.}, 
 title =     {Resampling Methods in Physical Mapping},
 booktitle = {Classification, Automation, and New Media: Proc. 24th Annual
              Conference of the GfKl, 2000},
 editor =    {Gaul, W. and Ritter, G.},
 series =    {Studies in Classification, Data Analysis, and Knowledge
              Organization},
 volume =    {20},
 publisher = {Springer Verlag},
 pages =     {437-444},
 year =      2002
}

@INPROCEEDINGS{KUR-OHL-SCH-STO-GIE-2000,
 author =    {Kurtz, S. and Ohlebusch, E. and Schleiermacher, C. and
              Stoye, J. and Giegerich, R.},
 title =     {Computation and Visualization of Degenerate Repeats in Complete
              Genomes},
 booktitle = {Proc. of the Eighth International Conference on Intelligent
              Systems for Molecular Biology, ISMB 2000},
 publisher = {AAAI Press},
 pages =     {228-238},
 year =      2000
}

@INPROCEEDINGS{SPA-REH-STO-2000,
 author =    {Spang, R. and Rehmsmeier, M. and Stoye, J.},
 title =     {Sequence Database Search Using Jumping Align\-ments},
 booktitle = {Proc. of the Eighth International Conference on Intelligent
              Systems for Molecular Biology, ISMB 2000},
 publisher = {AAAI Press},
 pages =     {367-375},
 year =      2000
}

@INPROCEEDINGS{HEB-STO-HOH-VIN-2000,
 author =    {Heber, S. and Stoye, J. and Hoheisel, J. and Vingron, M.},
 title =     {Contig Selection in Physical Mapping},
 booktitle = {Proc. of the Fourth Annual International Conference
              on Computational Molecular Biology, RECOMB 2000},
 publisher = {ACM Press},
 pages =     {155-164},
 year =      2000
}

@INPROCEEDINGS{REI-STO-WIL-1999,
 author =    {Reinert, K. and Stoye, J. and Will, T.},
 title =     {Combining Divide-and-Conquer, the $\cal{A}^*$-Algorithm, and
              Successive Realignment Approaches to Speed up Multiple Sequence
              Alignment},
 booktitle = {Proc. of the German Conference on Bioinformatics, GCB 1999},
 pages =     {17-24},
 year =      1999
}

@INPROCEEDINGS{BRO-LYN-PED-STO-1999B,
 author =    {Brodal, G. S. and Lyngsø, R. B. and Pedersen, C. N. S. and
              Stoye, J.}, 
 title =     {Finding Maximal Pairs with Bounded Gap},
 booktitle = {Proceedings of the 10th Annual Symposium on Combinatorial Pattern
              Matching, CPM 1999},
 editor =    {Crochemore, M. and Paterson, M.},
 publisher = {Springer Verlag},
 series =    {LNCS},
 volume =    {1645},
 pages =     {134-149},
 year =      1999
}

@INPROCEEDINGS{GIE-KUR-STO-1999,
 author =    {Giegerich, R. and Kurtz, S. and Stoye, J.},
 title =     {Efficient Implementation of Lazy Suffix Trees},
 booktitle = {Proceedings 3rd Workshop on Algorithm Engineering, WAE 1999},
 editor =    {Vitter, J. S. and Zaroliagis, C. D.},
 publisher = {Springer Verlag},
 series =    {LNCS},
 volume =    {1668},
 pages =     {30-42},
 year =      1999
}

@INPROCEEDINGS{STO-GUS-1998B,
 author =    {Stoye, J. and Gusfield, D.},
 title =     {Simple and Flexible Detection of Contiguous Repeats Using a
              Suffix Tree},
 booktitle = {Proceedings of the 9th Annual Symposium on Combinatorial Pattern
              Matching, CPM 1998},
 editor =    {Farach, M.},
 publisher = {Springer Verlag},
 series =    {LNCS},
 volume =    {1448},
 pages =     {140-152},
 year =      1998
}

@INPROCEEDINGS{STO-EVE-MEY-1997,
 author =    {Stoye, J. and Evers, D. and Meyer, F.},
 title =     {Generating Benchmarks for Multiple Sequence Alignments
              and Phylogenetic Reconstructions},
 booktitle = {Proc. of the Third International Conference
              on Intelligent Systems for Molecular Biology, ISMB 1997},
 publisher = {AAAI Press},
 pages =     {303-306},
 year =      1997
}

@ARTICLE{GIE-STO-2003,
 author =    {Giegerich, R. and Stoye, J.},
 title =     {{Finden, fast ohne zu suchen: Indexstrukturen in der
              Bioinformatik}},
 journal =   {{Forschung an der Universität Bielefeld}},
 volume =    {26},
 pages =     {63-68},
 year =      2003
}

@ARTICLE{HEB-STO-2003,
 author =    {Heber, S. and Stoye, J.},
 title =     {The {E}uropean {C}onference on {C}omputational {B}iology},
 journal =   {Drug Discovery Today},
 volume =    {8},
 number =    {3},
 pages =     {113-114},
 year =      2003
}

@ARTICLE{HIL-STO-1998,
 author =    {Hildebrand, M. and Stoye, J.},
 title =     {{Die Bedeutung der Zusammenarbeit der Disziplinen in der
               Anwendung -- erläutert anhand von Beispielen}},
 journal =   {Der Mathematikunterricht},
 volume =    {44},
 number =    {6},
 pages =     {34-53},
 year =      1998
}

@PROCEEDINGS{GCB-2000,
 editor =       {Bornberg-Bauer, E. and Rost, U. and Stoye, J. and
                 Vingron, M.},
 title =        {Proceedings of the German Conference on Bioinformatics,
                 GCB 2000},
 organization = {European Media Laboratory (EML) and German Cancer Research
                 Center (DKFZ) Heidelberg},
 publisher =    {Logos Verlag},
 address =      {Berlin},
 year =         2000
}

@ARTICLE{MEY-GOE-MCH-BAR-BEK-CLA-KAL-LIN-RUP-GIE-PUH-2003,
 author =    {Meyer, F. and Goesmann, A. and McHardy, A. C. and Bartels, D. and
              Bekel, T. and Clausen, J. and Kalinowski, J. and Linke, B. and
              Rupp, O. and Giegerich, R. and Pühler, A.},
 title =     {{GenDB}--An Open Source Genome Annotation System for
              Prokaryote Genomes},
 journal =   {Nucleic Acids Res.},
 volume =    {31},
 number =    {8},
 pages =     {2187-2195},
 year =      2003
}

@INPROCEEDINGS{BER-STR-2001,
 author =    {Bergeron, A. and Strasbourg, F.}, 
 title =     {Experiments in Computing Sequences of Reversals},
 booktitle = {Proceedings of the First International Workshop on Algorithms in
              Bioinformatics, WABI 2001},
 editor =    {Gascuel, O. and Moret, B.},
 publisher = {Springer Verlag},
 series =    {LNCS},
 volume =    {2149},
 pages =     {164-174},
 year =      2001
}

@ARTICLE{NAV-MAK-2006,
 author =    {Navarro, G. and Mäkinen, V.},
 title =     {Compressed Full-Text Indexes},
 journal =   {ACM Comput. Surv.},
 year =      {in press}
}
 
@INPROCEEDINGS{MAK-NAV-2005,
 author =    {Mäkinen, V. and Navarro, G.},
 title =     {Succinct Suffix Arrays Based on Run-length Encoding},
 booktitle = {Proceedings of the 16th Annual Symposium on Combinatorial Pattern
              Matching, CPM 2005},
 editor =    {Apostolico, A. and Crochemore, M. and Park, K.},
 publisher = {Springer Verlag},
 address =   {Berlin},
 series =    {LNCS},
 volume =    {3537},
 pages =     {45-56},
 year =      2005
}

@ARTICLE{SCH-STO,
 author =    {Schürmann, K.-B. and Stoye, J.},
 title =     {An \marginstar Incomplex Algorithm for Fast Suffix Array Construction},
 journal =   {Softw. Pract. Exper.},
 year =      {in press}
}

@ARTICLE{PUG-SMY-TUR-2006,
 author =    {Puglisi, S. J. and Smyth, W. F. and Turpin, A.},
 title =     {A Taxonomy of Suffix Array Construction Algorithms},
 journal =   {ACM Comput. Surv.},
 year =      {in press}
}

@ARTICLE{MAN-MYE-1993,
 author =    {Manber, U. and Myers, E. W.},
 title =     {Suffix Arrays: A New Method for On-line Search},
 journal =   {SIAM J. Computing},
 volume =    {22},
 pages =     {935-948},
 year =      1993
}

@ARTICLE{MAN-FER-2004,
 author =    {Manzini, G. and Ferragina, P.},
 title =     {Engineering a Lightweight Suffix Array Construction Algorithm
              Matching},
 journal =   {Algorithmica},
 volume =    {40},
 number =    {1},
 pages =     {33-50},
 year =      2004
}
 
@ARTICLE{MAK-NAV-2005B,
 author =    {Mäkinen, V. and Navarro, G.},
 title =     {Succinct Suffix Arrays Based on Run-length Encoding},
 journal =   {Nordic J. Computing},
 volume =    {12},
 number =    {1},
 pages =     {40-66},
 year =      2005
}
 
@ARTICLE{NAV-2004,
 author =    {Navarro, G.},
 title =     {Indexing Text using the Ziv-Lempel Trie},
 journal =   {J. Discr. Alg.},
 volume =    {2},
 number =    {1},
 pages =     {87-114},
 year =      2004
}

@INPROCEEDINGS{MAK-NAV-2004,
 author =    {Mäkinen, V. and Navarro, G.},
 title =     {Compressed Compact Suffix Arrays},
 booktitle = {Proceedings of the 15th Annual Symposium on Combinatorial Pattern
              Matching, CPM 2004},
 editor =    {Sahinalp, S. C. and Muthukrishnan, S. and Dogrusoz, U.},
 publisher = {Springer Verlag},
 address =   {Berlin},
 series =    {LNCS},
 volume =    {3109},
 pages =     {420-433},
 year =      2004
}

@INPROCEEDINGS{FER-MAN-MAK-NAV-2004,
 author =    {Ferragina, P. and Manzini, G. and Mäkinen, V. and Navarro, G.},
 title =     {An Alphabet-Friendly {FM}-index},
 booktitle = {Proceedings of the 11th International Symposium on String
              Processing and Information Retrieval, SPIRE 2004},
 publisher = {Springer Verlag},
 address =   {Berlin},
 series =    {LNCS},
 volume =    {3246},
 pages =     {150-160},
 year =      2004
}

@ARTICLE{FER-MAN-2005,
 author =    {Ferragina, P. and Manzini, G.},
 title =     {Indexing Compressed Text},
 journal =   {J. ACM},
 volume =    {52},
 number =    {4}, 
 pages =     {552-581},
 year =      2005
}

@INPROCEEDINGS{GRO-VIT-2000,
 author =    {Grossi, R. and Vitter, J. S.}, 
 title =     {Compressed Suffix Arrays and Suffix Trees with Applications to
              Text Indexing and String Matching}, 
 booktitle = {Conf. Proc. 32th Annu. ACM Symp. Theory Comput., STOC 2000},
 publisher = {ACM Press},
 address =   {New York, NY},
 pages =     {397-406},
 year =      2000
}

@ARTICLE{RAS-STO-MYE-2006,
 author =    {Rasmussen, K. and Stoye, J. and Myers, E. W.},
 title =     {Efficient \marginstar $q$-Gram Filters for Finding All $\epsilon$-Matches
              Over a Given Length}, 
 journal =   {J. Comp. Biol.},
 volume =    {13},
 number =    {2},
 pages =     {296-308},
 year =      2006
}

@INPROCEEDINGS{FER-MAN-2000,
 author =    {Ferragina, P. and Manzini, G.},
 title =     {Opportunistic Data Structures with Applications},
 booktitle = {Proceedings of the 41th Annual Symposium on Foundations of
              Computer Science, FOCS 2000},
 publisher = {IEEE Press},
 address =   {New York, NY},
 pages =     {390-398},
 year =      2000
}

@INPROCEEDINGS{KAR-UKK-1996,
 author =    {Kärkkäinen, J. and Ukkonen, E.},
 title =     {{L}empel-{Z}iv Parsing and Sublinear-size Index Structures for
              String Matching},
 booktitle = {Proceedings of the 4th South Americal Workshop on String
              Processing, WSP 1996},
 pages =     {141-155},
 year =      1996
}

@ARTICLE{MAK-2003,
 author =    {Mäkinen, V.},
 title =     {Compact Suffix Array --- A Space-Efficient Full-Text Index},
 journal =   {Fundamenta Informaticae},
 volume =    {56},
 number =    {1-2},
 pages =     {191-210},
 year =      2003
}

@ARTICLE{GRO-VIT-2006,
 author =    {Grossi, R. and Vitter, J. S.},
 title =     {Compressed Suffix Arrays and Suffix Trees with Applications to
              Text Indexing and String Matching},
 journal =   {SIAM J. Computing},
 volume =    {35},
 number =    {2},
 pages =     {378-407},
 year =      2006
}             
 
@INPROCEEDINGS{MAK-2000,
 author =    {Mäkinen, V.},
 title =     {Compact Suffix Array},
 booktitle = {Proceedings of the 11th Annual Symposium on Combinatorial Pattern
              Matching, CPM 2000},
 editor =    {Giancarlo, R. and Sankoff, D.},
 publisher = {Springer Verlag},
 address =   {Berlin},
 series =    {LNCS},
 volume =    {1848},
 pages =     {305-319},
 year =      2000
}

@INPROCEEDINGS{SAD-2000,
 author =    {Sadakane, K.},
 title =     {Compressed Text Databases with Efficient Query Algorithms based
              on the Compressed Suffix Array},
 booktitle = {Proc. of the International Symposium on Algorithms and
              Computation, ISAAC 2000},
 publisher = {Springer Verlag},
 address =   {Berlin},
 series =    {LNCS},
 volume =    {1969},
 pages =     {410-421},
 year =      2000
}

@INPROCEEDINGS{WEI-1973,
 author =    {Weiner, P.},
 title =     {Linear Pattern Matching Algorithms},
 booktitle = {Proc. of the 14th Annual IEEE Symposium on Switching and Automata
              Theory},
 publisher = {IEEE Press},
 pages =     {1-11},
 year =      1973
}
 
@ARTICLE{MCC-1976,
 author =    {McCreight, E. M.},
 title =     {A Space-Economical Suffix Tree Construction Algorithm},
 journal =   {J. ACM},
 volume =    {23},
 number =    {2},
 pages =     {262-272},
 year =      1976
}
 
@ARTICLE{UKK-1995,
 author =    {Ukkonen, E.},
 title =     {On-line Construction of Suffix Trees},
 journal =   {Algorithmica},
 volume =    {14},
 number =    {3},
 pages =     {249-260},
 year =      1995
}

@ARTICLE{DEL-KAS-FLE-PET-WHI-SAL-1999,
 author =    {Delcher, A. L. and Kasif, S. and Fleischmann, R. D. and
              Peterson, J. and White, O. and Salzberg, S. L.},
 title =     {Alignment of Whole Genomes},
 journal =   {Nucleic Acids Res.},
 volume =    {27},
 number =    {11},
 pages =     {2369-2376},
 year =      1999
}
 
@ARTICLE{KUR-PHI-DEL-SMO-SHU-ANT-SAL-2004,
 author =    {Kurtz, S. and Phillippy, A. and Delcher, A. L. and Smoot, M. and
              Shumway M. and Antonescu, C. and Salzberg, S. L.},
 title =     {Versatile and Open Software for Comparing Large Genomes},
 journal =   {Genome Biol.},
 volume =    {5},
 pages =     {R 12},
 year =      2004
}
 
@ARTICLE{DAR-MAU-BLA-PER-2004,
 author =    {Darling, A. C. E. and Mau, B. and Blattner, F. R. and
              Perna, N. T.}, 
 title =     {{Mauve}: Multiple Alignment of Conserved Genomic Sequence With
              Rearrangements},
 journal =   {Genome Res.}, 
 volume =    {14},
 number =    {7},
 pages =     {1394-1403},
 year =      2004
}             

@ARTICLE{BEC-HOM-GIE-KUR-2006,
 author =    {Beckstette, M. and Homann, R. and Giegerich, R. and Kurtz, S.},
 title =     {Fast Index Based Algorithms and Software for Matching Position
              Specific Scoring Matrices},
 journal =   {BMC Bioinformatics},
 volume =    {7},
 number =    {389},
 year =      2006
}

@INPROCEEDINGS{FAR-1997,
 author =    {Farach, M.},
 title =     {Optimal Suffix Tree Construction with Large Alphabets},
 booktitle = {Proc. 38th Annu. Symp. Found. Comput. Sci., FOCS 1997},
 publisher = {IEEE Press},
 address =   {New York, NY},
 pages =     {137-143},
 year =      1997
}

@ARTICLE{KAR-SAN,
 author =    {Kärkkäinen, J. and Sanders, P.},
 title =     {Linear work suffix array construction},
 journal =   {J. ACM},
 year =      {in press}
}

@ARTICLE{KO-ALU-2005,
 author =    {Ko, P. and Aluru, S.},
 title =     {Space-efficient Linear Time Construction of Suffix Arrays},
 Journal =   {J. Discr. Alg.},
 volume =    {3},
 number =    {2-4},
 pages =     {143-156},
 year =      2005
}

@ARTICLE{ABO-KUR-OHL-2004,
 author =    {Abouelhoda, M. I. and Kurtz, S. and Ohlebusch, E.},
 title =     {Replacing Suffix Trees with Enhanced Suffix Arrays},
 journal =   {J. Discr. Alg.},
 volume =    {2},
 pages =     {53-86},
 year =      2004
}

@INPROCEEDINGS{KIM-NA-KIM-PAR-2005,
 author =    {Kim, D. K. and Na, J. C. and Kim, J. E. and Park, K.},
 title =     {Efficient Implementation of Rank and Select Functions for 
              Succinct Representation},
 booktitle = {Proceedings of the 4th International Workshop on Experimental and
              Efficient Algorithms, WEA 2005},
 editor =    {Nikoletseas, S. E.},
 publisher = {Springer Verlag},
 address =   {Berlin},
 series =    {LNCS},
 volume =    {3503},
 pages =     {315-327},
 year =      2005
}

@INPROCEEDINGS{KIM-JO-PAR-2004,
 author =    {Kim, D. K. and Jo, J. and Park, H.},
 title =     {A Fast Algorithm for Constructing Suffix Arrays for Fixed-Size 
              Alphabets},
 booktitle = {Proceedings of the 3rd International Workshop on Experimental and
              Efficient Algorithms, WEA 2004},
 editor =    {Ribeiro, C. C. and Martins, S. L.},
 publisher = {Springer Verlag},
 address =   {Berlin},
 series =    {LNCS},
 volume =    {3503},
 pages =     {301-314},
 year =      2004
}

@ARTICLE{KIM-SIM-PAR-PAR-2005,
 author =    {Kim, D. K. and Sim, J. S. and Park, H. and Park, K.},
 title =     {Constructing Suffix Arrays in Linear Time},
 Journal =   {J. Discr. Alg.},
 volume =    {3},
 number =    {2-4},
 pages =     {126-142},
 year =      2005
}

@INPROCEEDINGS{HON-SAD-SUN-2003,
 author =    {Hon, W.-K. and Sadakane, K. and Sung, W.-K.},
 title =     {Breaking a Time-and-space Barrier in Constructing Full-text
              Indices},
 booktitle = {Proceedings of the 44th Annual Symposium on Foundations of
              Computer Science, FOCS 2003},
 publisher = {IEEE Press},
 pages =     {251-260},
 year =      2003
}

@INPROCEEDINGS{GRO-GUP-VIT-2003,
  author = {Grossi, R. and Gupta, A. and Vitter, J. S.}, 
  title = {High-Order Entropy-Compressed Text Indexes},
  booktitle = {Proceedings of the 14th Annual ACM-SIAM Symposium on Discrete
    Algorithms, SODA 2003},
  year = {2003},
  pages = {841--850},
  annote = {*** booktitle = {\cite{SODA-2003}}, ***},
}

@TECHREPORT{BUR-WHE-1994,
  author = {Burrows, M. and Wheeler, D. J.},
  title = {A Block Sorting Lossless Data Compression Algorithm},
  institution = {Digital Equipment Corporation},
  year = {1994},
  number = {TR 124},
  address = {Palo Alto, CA},
}

