@ARTICLE{GIE-KUR-STO-2003,
 author =    {Giegerich, R. and Kurtz, S. and Stoye, J.},
 title =     {Efficient Implementation of Lazy Suffix Trees},
 journal =   {Softw. Pract. Exper.},
 volume =    {33},
 number =    {11},
 pages =     {1035-1049},
 year =      2003
}

@TECHREPORT{STO-2000,
 author =      {Stoye, J.},
 title =       {Affix Trees},
 type =        {Report},
 number =      {2000-04},
 institution = {Technische Fakultät der Universität Bielefeld,
                Abteilung Informationstechnik},
 year =        2000
}

@ARTICLE{MAA-2003,
 author =    {Maaß, M. G.},
 title =     {Linear Bidirectional On-Line Construction of Affix Trees},
 journal =   {Algorithmica},
 volume =    {37},
 number =    {1},
 pages =     {43-74},
 year =      2003
}

@ARTICLE{ABO-KUR-OHL-2004,
 author =    {Abouelhoda, M. I. and Kurtz, S. and Ohlebusch, E.},
 title =     {Replacing Suffix Trees with Enhanced Suffix Arraus},
 journal =   {J. Discr. Alg.},
 volume =    {2},
 pages =     {53-86},
 year =      2004
}

@INPROCEEDINGS{SCH-STO-2005,
 author =    {Schürmann, K.-B. and Stoye, J.},
 title =     {An Incomplex Algorithm for Fast Suffix Array Construction},
 editor =    {???},
 booktitle = {Proceedings of the 7rd Workshop on Algorithm Engineering and
              Experiments, ALENEX 2005},
 pages =     {???-???},
 year =      2005
}

@INPROCEEDINGS{RAS-STO-MYE-2005,
 author =    {Rasmussen, K. R. and Stoye, J. and Myers, G.},
 title =     {Efficient $q$-Gram Filters for Finding All $\epsilon$-Matches
              Over A Given Length},
 booktitle = {Proceedings of the 9th Annual International Conference
              on Computational Molecular Biology, RECOMB 2005},
 editor =    {Miyano, S. and Mesirov, J. and Kasif, S. and Istrail, S. and
              Pevzner, P. and Waterman, M.},
 publisher = {Springer Verlag},
 address =   {Berlin},
 series =    {LNCS},
 volume =    {3500},
 pages =     {189-203},
 year =      2005
}

@ARTICLE{KUR-CHO-OHL-SCH-STO-GIE-2001,
 author =    {Kurtz, S. and Choudhuri, J. V. and Ohlebusch, E. and
              Schleiermacher, C. and Stoye, J. and Giegerich, R.},
 title =     {{REP}uter: the Manifold Applications of Repeat Analysis on a
              Genomic Scale},
 journal =   {Nucleic Acids Res.},
 volume =    {29},
 number =    {22},
 pages =     {4643-4653},
 year =      2001
}

@ARTICLE{STO-GUS-2002,
 author =    {Stoye, J. and Gusfield, D.},
 title =     {Simple and Flexible Detection of Contiguous Repeats Using a
              Suffix Tree},
 journal =   {Theor. Comput. Sci.},
 volume =    {270},
 number =    {1-2},
 pages =     {843-856},
 year =      2002
}

@ARTICLE{GUS-STO-2004,
 author =    {Gusfield, D. and Stoye, J.},
 title =     {Linear Time Algorithms for Finding and Representing all the
              Tandem Repeats in a String},
 journal =   {J. Comput. Syst. Sci.},
 volume =    {69},
 number =    {4},
 pages =     {525-546},
 year =      2004
}

@BOOK{GUS-1997,
 author =    {Gusfield, D.},
 title =     {Algorithms on Strings, Trees, and Sequences: Computer Science and
              Computational Biology},
 publisher = {Cambridge University Press},
 address =   {New York, NY},
 year =      1997
}
 
%%%%%%%%%%%%%%%%%%%%%%%%%%%%%%%%%%%%%%%%%%%%%%%%%%%%%%%%%%%%%%%%%%%%%%%
%
% Books
%
%%%%%%%%%%%%%%%%%%%%%%%%%%%%%%%%%%%%%%%%%%%%%%%%%%%%%%%%%%%%%%%%%%%%%%%

@Book{RAH:2005:BOOK,
  author = 	 {Sven Rahmann},
  ALTeditor = 	 {},
  title = 	 {Algorithms for probe selection and {DNA} microarray design},
  publisher = 	 {Springer},
  year = 	 {2005},
  OPTkey = 	 {},
  OPTvolume = 	 {},
  OPTnumber = 	 {},
  series = 	 {Lecture Notes in Computer Science},
  address = 	 {Heidelberg},
  OPTedition = 	 {},
  month = 	 {February},
  note = 	 {Accepted for publication},
  OPTannote = 	 {}
}


%%%%%%%%%%%%%%%%%%%%%%%%%%%%%%%%%%%%%%%%%%%%%%%%%%%%%%%%%%%%%%%%%%%%%%%
%
% ARTICLES
%
%%%%%%%%%%%%%%%%%%%%%%%%%%%%%%%%%%%%%%%%%%%%%%%%%%%%%%%%%%%%%%%%%%%%%%%


@Article{KLA:RAH:SCH:VIN:REI:2004:ISMB,
  author = 	 {Gunnar W. Klau and Sven Rahmann and Alexander Schliep and Martin Vingron and Knut Reinert},
  title = 	 {Optimal robust non-unique probe selection using Integer Linear Programming},
  journal = 	 {Bioinformatics},
  year = 	 {2004},
  OPTkey = 	 {},
  volume = 	 {20},
  number = 	 {Suppl.1},
  pages = 	 {i186--i193},
  OPTmonth = 	 {},
  note = 	 {{ECCB}/{ISMB} special issue},
  OPTannote = 	 {}
}

@Article{DIE:RAH:VIN:2004,
  author = 	 {Christoph Dieterich and Sven Rahmann and Martin Vingron},
  title = 	 {Functional inference from non-random distributions of conserved predicted transcription factor binding sites},
  journal = 	 {Bioinformatics},
  year = 	 {2004},
  OPTkey = 	 {},
  volume = 	 {20},
  number = 	 {Suppl.1},
  pages = 	 {i109--i115},
  OPTmonth = 	 {},
  note = 	 {{ECCB}/{ISMB} special issue},
  OPTannote = 	 {}
}


@Article{RAH:GRA:2004,
  author = 	 {Sven Rahmann and Christine Gr\"afe},
  title = 	 {Mean and variance of the {Gibbs} free energy of oligonucleotides in the nearest neighbor model under varying conditions},
  journal = 	 {Bioinformatics},
  year = 	 {2004},
  OPTkey = 	 {},
  volume = 	 {20},
  number = 	 {17},
  pages = 	 {2928--2933},
  OPTmonth = 	 {},
  OPTnote = 	 {{doi:\ 10.1093/bioinformatics/bth334.} Advance online access at \url{http://bioinformatics.oupjournals.org/cgi/content/abstract/bth334v1}.},
  OPTannote = 	 {}
}


@Article{MUE:RAH:DAN:WOL:2004,
  author = 	 {Tobias M\"uller and Sven Rahmann and Thomas Dandekar and Matthias Wolf},
  title = 	 {Accurate and robust phylogeny estimation based on profile distances: a study of the Chlorophyceae (Chlorophyta)},
  journal = 	 {BMC Evolutionary Biology},
  year = 	 {2004},
  OPTkey = 	 {},
  volume = 	 {4},
  OPTnumber = 	 {},
  pages = 	 {Article~20},
  OPTmonth = 	 {},
  note = 	 {\url{http://www.biomedcentral.com/1471-2148/4/20}. doi:\ 10.1186/1471-2148-4-20.},
  OPTannote = 	 {}
}


@Article{SBO:SCH:RAH:2004,
  author =       {Benjamin Schuster-B\"ockler and J\"org Schultz and Sven Rahmann},
  title =        {{HMM Logos} for Visualization of Protein Families},
  journal = 	 {BMC Bioinformatics},
  year = 	 {2004},
  OPTkey = 	 {},
  volume = 	 {5},
  OPTnumber = 	 {},
  pages = 	 {Article~7},
  OPTmonth = 	 {},
  note = 	 {\url{http://www.biomedcentral.com/1471-2105/5/7.} doi:\ 10.1186/1471-2105-5-7.},
  OPTannote = 	 {}
}

@Article{RAH:2003:ECCB,
  author =       {Sven Rahmann},
  title =        {The Shortest Common Supersequence Problem in a Microarray Production Setting},
  journal = 	 {Bioinformatics},
  year = 	 {2003},
  OPTkey = 	 {},
  volume = 	 {19},
  number = 	 {Suppl.2},
  pages = 	 {ii156--ii161},
  OPTmonth = 	 {},
  note = 	 {{ECCB} special issue},
  OPTannote = 	 {}
}

@Article{RIV:RAH:2003,
  author =       {Eric Rivals and Sven Rahmann},
  title =        {Combinatorics of Periods in Strings},
  journal =      {Journal of Combinatorial Theory Series A},
  year =         {2003},
  OPTkey =       {},
  volume =    {104},
  number =    {1},
  pages =     {95--113},
  month =     {October},
  OPTnote =      {},
  OPTannote =    {}
}


@Article{RAH:MUE:VIN:2003,
  author =       {Sven Rahmann and Tobias M\"uller and Martin Vingron},
  title =        {On the Power of Profiles for
  Transcription Factor Binding Site Detection},
  journal =      {Statistical Applications in Genetics and Molecular Biology},
  year =         {2003},
  OPTkey =       {},
  volume =    {2},
  number =    {1},
  pages =     {{Article~7}},
  OPTmonth =     {},
  note =      {\url{http://www.bepress.com/sagmb/vol2/iss1/art7}},
}



@Article{RAH:2003,
  author =       {Sven Rahmann},
  title =        {Fast Large Scale Oligonucleotide Selection Using the Longest Common Factor Approach},
  journal =      {Journal of Bioinformatics and Computational Biology},
  year =         {2003},
  OPTkey =       {},
  volume =    {1},
  number =    {2},
  pages =     {343--361},
  OPTmonth =     {},
  OPTnote =      {},
  OPTannote =    {}
}


@Article{RAH:RIV:2003,
  author =       {Sven Rahmann and Eric Rivals},
  title =        {On the Distribution of the Number of Missing Words in Random Texts},
  journal =      {Combinatorics, Probability and Computing},
  year =         {2003},
  OPTkey =       {},
  volume =    {12},
  OPTnumber =    {},
  pages =     {73--87},
  OPTmonth =     {},
  OPTnote =      {},
  OPTannote =    {}
}


@Article{MUE:RAH:REH:2001,
  author =       {Tobias M\"uller and Sven Rahmann and Marc Rehmsmeier},
  title =        {Non-symmetric Score Matrices and the Detection of Homologous Transmembrane Proteins},
  journal = 	 {Bioinformatics},
  year = 	 {2001},
  OPTkey = 	 {},
  volume = 	 {17},
  number = 	 {Suppl.1},
  pages =     {{S182--S189}},
  OPTmonth = 	 {},
  note = 	 {{ISMB} special issue},
  OPTannote = 	 {}
}



%%%%%%%%%%%%%%%%%%%%%%%%%%%%%%%%%%%%%%%%%%%%%%%%%%%%%%%%%%%%%%%%%%%%%%%
%
% Refereed Proceedings
%
%%%%%%%%%%%%%%%%%%%%%%%%%%%%%%%%%%%%%%%%%%%%%%%%%%%%%%%%%%%%%%%%%%%%%%%



@InProceedings{MUE:RAH:DAN:WOL:2003,
  author =       {Tobias M\"uller and Sven Rahmann and Thomas Dandekar and Matthias Wolf},
  title =        {Robust Estimation of the Phylogeny of Chlorophyceae (Chlorophyta) Based on Profile Distances},
  booktitle =    {Proceedings of the German Conference on Bioinformatics (GCB'03)},
  OPTcrossref =  {},
  OPTkey =       {},
  pages =     {97--101},
  year =      {2003},
  editor =    {H.-W. Mewes and D. Frishman and V. Heun and S. Kramer},
  volume =    {1},
  OPTnumber =    {},
  OPTseries =    {},
  address =   {Munich},
  month =     {October},
  OPTorganization = {},
  publisher = {belleville},
  OPTnote =      {},
  OPTannote =    {}
}


@inproceedings{RAH:2003:WABI,
  author =       {Sven Rahmann},
  title =        {Dynamic Programming Algorithms for Two Statistical Problems in
  Computational Biology},
  booktitle= {Proceedings of the 3rd Workshop of Algorithms in Bioinformatics (WABI)},
  OPTkey =       {},
  OPTmonth =     {},
  pages = {151--164},
  year =      {2003},
  OPTeditor = {Gary Benson and Roderic Page},
  volume = {2812},
  series={LNCS},
  publisher={Springer},
  OPTnote =         {},
  OPTannote =    {}
}


@inproceedings{RAH:2003:CSB,
  author =       {Sven Rahmann},
  title =        {Fast and Sensitive Probe Selection for {DNA} Chips using Jumps in Matching Statistics},
  booktitle = {Proceedings of the 2nd {IEEE} Computer Society Bioinformatics Conference (CSB 2003)},
  pages = {57--64},
  year =      {2003},
  publisher = {IEEE},
  OPTnote =         {},
  OPTkey =       {},
  OPTmonth =     {},
  OPTannote =    {}
}


@inproceedings{SCH:TOR:RAH:2003,
  author =       {Alexander Schliep and David C. Torney and Sven Rahmann},
  title =        {Group Testing With {DNA} Chips: {G}enerating Designs and Decoding Experiments},
  booktitle = {Proceedings of the 2nd {IEEE} Computer Society Bioinformatics Conference (CSB 2003)},
  pages = {84--93},
  year =      {2003},
  publisher = {IEEE},
  OPTnote = {},
  OPTkey =       {},
  OPTmonth =     {},
  OPTannote =    {}
}


@INPROCEEDINGS{RAH:2002,
author="Sven Rahmann",
title = "Rapid Large-Scale Oligonucleotide Selection for Microarrays",
booktitle="Proceedings of the First IEEE Computer Society Bioinformatics Conference (CSB 2002)",
pages={54--63},
year="2002",
publisher="IEEE",
note = "An abstract of this work also appeared in {\em Proceedings of WABI 2002}, LNCS vol.~2452, p.~434. Springer, 2002."
}


@INPROCEEDINGS{RIV:RAH:2001,
        author={Eric Rivals and Sven Rahmann},
        title={Combinatorics of Periods in Strings},
        booktitle={Proceedings of the 28th International Colloquium on 
Automata, Languages, and Programming (ICALP 2001)},
        pages={615-626},
        year={2001},
        editor={P. Orejas and P. G. Spirakis and J. van Leuween},
        volume=2076,
        series={LNCS},
        publisher={Springer},
        OPTaddress={Berlin}
}



@INPROCEEDINGS{RAH:RIV:2000,
	author={Sven Rahmann and Eric Rivals},
	title={Exact and Efficient Computation of the Expected Number
		  of Missing and Common Words in Random Texts},
	booktitle={Proceedings of the 11th Symposium on Combinatorial
		  Pattern Matching (CPM 2000)},
	pages={375--387},
	year={2000},
	editor={David Sankoff and Raffaele Giancarlo},
	volume={1848},
	series={LNCS},
	publisher={Springer},
	OPTaddress={Berlin}
}





%%%%%%%%%%%%%%%%%%%%%%%%%%%%%%%%%%%%%%%%%%%%%%%%%%%%%%%%%%%%%%%%%%%%%%%
%
% Partially Refereed Proceedings
%
%%%%%%%%%%%%%%%%%%%%%%%%%%%%%%%%%%%%%%%%%%%%%%%%%%%%%%%%%%%%%%%%%%%%%%%

@InCollection{RAH:MUE:2004:KA,
  author = 	 {Sven Rahmann and Tobias M\"uller},
  title = 	 {The Embedding Problem for Evolutionary {M}arkov Processes},
  booktitle = 	 {Proceedings of the Karlsruher Stochastik-Tage},
  OPTcrossref =  {},
  OPTkey = 	 {},
  OPTpages = 	 {},
  OPTpublisher = {},
  year = 	 {2004},
  OPTeditor = 	 {},
  OPTvolume = 	 {},
  OPTnumber = 	 {},
  OPTseries = 	 {},
  OPTtype = 	 {},
  OPTchapter = 	 {},
  OPTaddress = 	 {},
  OPTedition = 	 {},
  month = 	 {March},
  OPTnote = 	 {},
  OPTannote = 	 {}
}

@InCollection{RAH:MUE:VIN:2004:RECOMB,
  author = 	 {Sven Rahmann and Tobias M\"uller and Martin Vingron},
  title = 	 {Non-Unique Probe Selection by Matrix Condition Optimization},
  booktitle = 	 {Currents in Computational Molecular Biology 2004},
  OPTcrossref =  {},
  OPTkey = 	 {},
  OPTpages = 	 {},
  OPTpublisher = {},
  year = 	 {2004},
  OPTeditor = 	 {},
  OPTvolume = 	 {},
  OPTnumber = 	 {},
  OPTseries = 	 {},
  OPTtype = 	 {},
  OPTchapter = 	 {},
  address = 	 {San Diego, USA},
  OPTedition = 	 {},
  OPTmonth = 	 {},
  OPTnote = 	 {},
  OPTannote = 	 {}
}



@InCollection{RAH:MUE:VIN:2003:RECOMB,
  author =       {Sven Rahmann and Tobias M\"uller and Martin Vingron},
  title =        {Measuring the Quality of Profiles for Transcription Factor Binding Site Detection},
  booktitle =    {Currents in Computational Molecular Biology 2003},
  OPTcrossref =  {},
  OPTkey =       {},
  OPTpages =     {},
  OPTpublisher = {},
  year =      {2003},
  editor =    {Rainer Spang and Patricia B\'eziat and Martin Vingron},
  OPTvolume =    {},
  OPTnumber =    {},
  OPTseries =    {},
  OPTtype =      {},
  OPTchapter =   {},
  address =   {Berlin, {Germany}},
  OPTedition =   {},
  OPTmonth =     {},
  OPTnote =      {},
  OPTannote =    {}
}

@InCollection{RAH:MUE:2002,
  author =       {Sven Rahmann and Tobias M\"uller},
  title =        {A New Formulation of Evolutionary Models},
  booktitle =    {Currents in Computational Molecular Biology 2002},
  OPTcrossref =  {},
  OPTkey =       {},
  pages =     {156--157},
  OPTpublisher = {},
  year =      {2002},
  editor =    {Liliana Florea and Brian Walenz and Sridhar Hannenhalli},
  OPTvolume =    {},
  OPTnumber =    {},
  OPTseries =    {},
  OPTtype =      {},
  OPTchapter =   {},
  address =   {Washington {D.C.}, {USA}},
  OPTedition =   {},
  OPTmonth =     {},
  OPTnote =      {},
  OPTannote =    {}
}


@InCollection{MUE:RAH:SPA:VIN:2001,
  author =       {Tobias M\"uller and Sven Rahmann and Rainer Spang and Martin Vingron},
  title =        {{TM}: A Transmembrane-Specific Scoring Matrix},
  booktitle =    {Currents in Computational Molecular Biology 2001},
  OPTcrossref =  {},
  OPTkey =       {},
  pages =     {67--68},
  publisher = {Centre de Recherche Mathématiques, Universit\'e de Montr\'eal},
  year =      {2001},
  editor =    {Nadia El-Mabrouk and Thomas Lengauer and David Sankoff},
  OPTvolume =    {},
  OPTnumber =    {},
  series =    {Les Publications CRM},
  OPTtype =      {},
  OPTchapter =   {},
  address =   {Montr\'eal, {Canada}},
  OPTedition =   {},
  OPTmonth =     {},
  OPTnote =      {},
  OPTannote =    {}
}



%%%%%%%%%%%%%%%%%%%%%%%%%%%%%%%%%%%%%%%%%%%%%%%%%%%%%%%%%%%%%%%%%%%%%%%
%
% Submitted
%
%%%%%%%%%%%%%%%%%%%%%%%%%%%%%%%%%%%%%%%%%%%%%%%%%%%%%%%%%%%%%%%%%%%%%%%



@Unpublished{KLA:RAH:SCH:VIN:REI:2004:SUBMITTED,
  author = 	 {Gunnar W. Klau and Sven Rahmann and Alexander Schliep and Martin Vingron and Knut Reinert},
  title = 	 {Integer Linear Programming Approaches for Non-Unique Probe Selection},
  note = 	 {Submitted to {Discrete Applied Mathematics}},
  OPTkey = 	 {},
  OPTmonth = 	 {},
  year = 	 {2004},
  OPTannote = 	 {}
}


%%%%%%%%%%%%%%%%%%%%%%%%%%%%%%%%%%%%%%%%%%%%%%%%%%%%%%%%%%%%%%%%%%%%%%%
%
% Other
%
%%%%%%%%%%%%%%%%%%%%%%%%%%%%%%%%%%%%%%%%%%%%%%%%%%%%%%%%%%%%%%%%%%%%%%%

@Unpublished{RAH:2004:STYLEPAL,
  author =       {Sven Rahmann},
  title =        {Using and Designing Generalized Regular Expressions to Discover Bad Diction in Scientific Writing},
  note =         {Unpublished Manuscript},
  OPTkey =       {},
  OPTmonth =     {},
  year =      {2002--2004},
  OPTannote =    {}
}


@PhdThesis{RAH:2004:PHD,
  author = 	 {Sven Rahmann},
  title = 	 {Algorithms for probe selection and {DNA} microarray design},
  school = 	 {Freie Universit\"at Berlin},
  year = 	 {2004},
  OPTkey = 	 {},
  OPTtype = 	 {},
  OPTaddress = 	 {},
  month = 	 {February},
  OPTnote = 	 {},
  OPTannote = 	 {}
}


@Misc{RAH:2003:AFW,
  OPTkey =       {},
  author =    {Sven Rahmann},
  title =     {{Spezielle Methoden und Anwendungen der Statistik in der Bioinformatik}},
  howpublished = {Lecture notes for the {\em Akademie f\"ur Weiterbildung der Universit\"aten Heidelberg und Mannheim}},
  month =     {May},
  year =      {2003},
  note =      {In German},
  OPTannote =    {}
}


@MASTERSTHESIS{RAH:2000,
        author={Sven Rahmann},
        title={Word Statistics in Random Texts and Applications to 
  Computational Molecular Biology},
        school={Universit\"at Heidelberg},
        month={July},
        year={2000},
        type={Diplomarbeit {(Master's Thesis)}},
        url={URL: \url{http://gi.cebitec.uni-bielefeld.de/people/rahmann}}
}

@MISC{RAH:RIV:VIN:1999,
	author = {Sven Rahmann and Eric Rivals and Martin Vingron},
	title = {{A Generalization of Jokinen's and Ukkonen's
		  Fundamental $q$-gram Lemma}},
	howpublished = {Conference Poster at ISMB'99, Heidelberg}
}

@Unpublished{LAZ:RAH:HAU:1999,
  author =       {Betty Lazareva and Sven Rahmann and David Haussler},
  title =        {Towards an accurate {EST} consensus},
  note =         {Unpublished Manuscript},
  OPTkey =       {},
  OPTmonth =     {},
  year =      {1999},
  OPTannote =    {}
}


%%%%%%%%%%%%%%%%%%%%%%%%%%%%%%%%%%%%%%%%%%%%%%%%%%%%%%%%%%%%%%%%%%%%%%%
%
% Software
%
%%%%%%%%%%%%%%%%%%%%%%%%%%%%%%%%%%%%%%%%%%%%%%%%%%%%%%%%%%%%%%%%%%%%%%%

@Misc{RAH:SOFTWARE:OLIGOS,
  OPTkey =       {},
  author =    {Sven Rahmann},
  title =     {ProMide: Software for oligonucleotide probe selection},
  howpublished = {\url{http://oligos.molgen.mpg.de}},
  OPTmonth =     {},
  year =      {2002--2004},
  OPTnote =      {},
  OPTannote =    {}
}

@Misc{RAH:SOFTWARE:STYLEPAL,
  OPTkey =       {},
  author =    {Sven Rahmann},
  title =     {{StylePal}: An advisor for Scientific Writing based on generalized regular expressions},
  howpublished = {\url{http://www.molgen.mpg.de/~rahmann/stylepal.shtml}},
  OPTmonth =     {},
  year =      {2002--2004},
  OPTnote =      {},
  OPTannote =    {}
}

@Misc{RAH:SOFTWARE:PARRONDO,
  OPTkey =       {},
  author =    {Sven Rahmann},
  title =     {{MATLAB} routines for optimal adaptive strategies for Games of the {Parrondo} Type},
  howpublished = {\url{http://www.molgen.mpg.de/~rahmann/parrondo/parrondo.html}},
  OPTmonth =     {},
  year =      {2002},
  OPTnote =      {},
  OPTannote =    {}
}

@Misc{RAH:LUZ:MUE:SOFTWARE:SLIM,
  OPTkey =       {},
  author =    {Sven Rahmann and Hannes Luz and Tobias M\"uller},
  title =     {The {SLIMSEARCH} World wide web server},
  howpublished = {\url{http://slimsearch.molgen.mpg.de}},
  OPTmonth =     {},
  year =      {2002--2003},
  OPTnote =      {},
  OPTannote =    {}
}

@Misc{RAH:SOFTWARE:MULTINOMIAL,
  OPTkey =       {},
  author =    {Sven Rahmann},
  title =     {{MATLAB} routines for an exact goodness-of-fit test 
for a Multinomial distribution},
  howpublished = {\url{http://logos.molgen.mpg.de}},
  OPTmonth =     {},
  year =      {2003},
  OPTnote =      {},
  OPTannote =    {}
}

@string{JCB = "J. Comput. Biol."}
@string{NAR = "Nucleic Acids Res."}
@string{PNAS = "Proc. Natl. Acad. Sci. USA"}
@string{LNCS = "Lect. Notes Comput. Sc."}

%%%%%%%%%%%%%%%%%%%%%%%%%%%%%%%%%%%%%%%%%%%%%%%%%%%%%%%%%%%%%%%%%%%%%%%%%%%%%
%%%%  Sebastian Boecker's ARTICLES: To Appear  %%%%%%%%%%%%%%%%%%%%%%%%%%%%%%
%%%%%%%%%%%%%%%%%%%%%%%%%%%%%%%%%%%%%%%%%%%%%%%%%%%%%%%%%%%%%%%%%%%%%%%%%%%%%

@Unpublished{boecker05mass,
  author =		 {Sebastian B{\"o}cker and Hans-Michael Kaltenbach},
  title =		 {Mass spectra alignments and their significance},
  year =		 2005,
  note =		 {To be presented at \emph{Symposium on Combinatorial
                  Pattern Matching 2005}, Jeju island, Korea}
}

@Unpublished{boecker05puzzle,
  author =		 {Sebastian B{\"o}cker},
  title =		 {Sequencing from compomers: The puzzle},
  note =		 {To appear in \emph{Theor. Comput. Syst.}},
  year =		 2005,
}

@Unpublished{boecker05money,
  author =		 {Sebastian B{\"o}cker and {\relax Zs}uzsanna
                  Lipt{\'a}k},
  title =		 {The Money Changing Problem revisited: Computing the
                  {Frobenius} number in time {$O(k \, a_1)$}},
  year =		 2005,
  note =		 {To be presented at \emph{Computing and Combinatorics
                  Conference 2005}, Kunming, China}
}


%%%%%%%%%%%%%%%%%%%%%%%%%%%%%%%%%%%%%%%%%%%%%%%%%%%%%%%%%%%%%%%%%%%%%%%%%%%%%
%%%%  Sebastian Boecker's ARTICLES: Submitted  %%%%%%%%%%%%%%%%%%%%%%%%%%%%%%
%%%%%%%%%%%%%%%%%%%%%%%%%%%%%%%%%%%%%%%%%%%%%%%%%%%%%%%%%%%%%%%%%%%%%%%%%%%%%

@Unpublished{boecker05simulation-submitted,
  author =		 {Sebastian B{\"o}cker},
  title =		 {Simulation of multiplexed {SNP} discovery rates using
                  base-specific cleavage and mass spectrometry},
  year =		 2005,
  note =		 {Submitted}
}

@Unpublished{boecker05recalibrating-submitted,
  author =		 {Sebastian B{\"o}cker and Veli M{\"a}kinen},
  title =		 {Recalibrating Mass Spectra},
  year =		 2005,
  note =		 {Submitted}
}

%%%%%%%%%%%%%%%%%%%%%%%%%%%%%%%%%%%%%%%%%%%%%%%%%%%%%%%%%%%%%%%%%%%%%%%%%%%%%
%%%%  Sebastian Boecker's ARTICLES: Unpublished and in preparation  %%%%%%%%%
%%%%%%%%%%%%%%%%%%%%%%%%%%%%%%%%%%%%%%%%%%%%%%%%%%%%%%%%%%%%%%%%%%%%%%%%%%%%%

@unpublished(boecker05denovo,
  title =		 {De-novo sequencing of {DNA} using partial
                  base-specific cleavage and orthogonal Time-of-Flight
                  mass spectrometry},
  author =		 {Sebastian B{\"o}cker and Stefan Berkenkamp and Dirk
                  {van den Boom}},
  year =		 2005,
  note =		 {In preparation}
)

@unpublished(boecker05efficiency,
  title =		 {{SNP} discovery using base-specific cleavage and
                  mass spectrometry: Efficiency of the method},
  author =		 {Sebastian B{\"o}cker and Dirk {van den Boom}},
  year =		 2005,
  note =		 {Manuscript}
)

@Unpublished{boecker05weighted,
  author =		 {Sebastian B{\"o}cker},
  title =		 {Weighted Sequencing from Compomers: {DNA} de-novo
                  sequencing from mass spectrometry data in the
                  presence of false negative peaks},
  year =		 2005,
  note =		 {Journal version in preparation}
}

%%%%%%%%%%%%%%%%%%%%%%%%%%%%%%%%%%%%%%%%%%%%%%%%%%%%%%%%%%%%%%%%%%%%%%%%%%%%%
%%%%  Sebastian Boecker's ARTICLES: Journals and Proceedings  %%%%%%%%%%%%%%%
%%%%%%%%%%%%%%%%%%%%%%%%%%%%%%%%%%%%%%%%%%%%%%%%%%%%%%%%%%%%%%%%%%%%%%%%%%%%%

@InProceedings{boecker05maximum,
  author =		 {Sebastian B{\"o}cker and Veli M{\"a}kinen},
  title =		 {Maximum Line-Pair Stabbing Problem and its
                  Variations},
  booktitle = 		 {Proc. of 21st European Workshop on Computational
  Geometry},		  
  pages = 		 {183--186},
  year =		 2005,
  address = 		 {Eindhoven, Netherlands},
  month = 		 {March}
}

@InProceedings{boecker05efficient,
  author =		 {Sebastian B{\"o}cker and {\relax Zs}uzsanna
                  Lipt{\'a}k},
  title =		 {Efficient Mass Decomposition},
  booktitle =	 {Proc. of ACM Symposium on Applied Computing 2005},
  pages =		 {151--157},
  year =		 2005,
  address =		 {Santa Fe, USA},
  skipmonth =	 {March}
}

@Article{ehrich05simultaneous,
  author =		 {Matthias Ehrich and Sebastian B{\"o}cker and Dirk
                  {van den Boom}},
  title =		 {Multiplexed discovery of sequence polymorphisms
                  using base-specific cleavage and {MALDI-TOF} {MS}},
  journal =		 NAR,
  fjournal =	 {Nucleic Acids Research},
  volume =		 {33},
  number =		 {4},
  pages =		 {e38},
  year =		 2005,
  annote =		 {Published online February 24, 2005},
}

@Article{boecker04sequencing,
  author =		 {Sebastian B{\"o}cker},
  title =		 {Sequencing from compomers: Using mass spectrometry
                  for {DNA} de-novo sequencing of 200+~nt},
  journal =		 JCB,
  fjournal =	 {Journal of Computational Biology},
  year =		 2004,
  volume =		 11,
  number =		 6,
  pages =		 {1110--1134},
}

@InProceedings{boecker04weighted,
  author =		 {Sebastian B{\"o}cker},
  title =		 {Weighted Sequencing from Compomers: {DNA} de-novo
                  sequencing from mass spectrometry data in the
                  presence of false negative peaks},
  booktitle =	 {Proc. of German Conference on Bioinformatics 2004},
  address =		 {Bielefeld, Germany},
  pages =		 {13--23},
  year =		 2004,
  skipeditor =	 {Robert Giegerich and Jens Stoye},
  volume =		 {P-53},
  series =		 {Lecture Notes in Informatics},
}

@InProceedings{boecker04fun,
  author =		 {Sebastian B{\"o}cker},
  title =		 {Sequencing from compomers: The puzzle},
  booktitle =	 {Proc. of {FUN} with Algorithms 2004},
  pages =		 {132--146},
  year =		 2004,
  address =		 {Tuscany, Italy}
}

@InCollection{boecker04unrooted,
  author =		 {Sebastian B{\"o}cker},
  title =		 {Unrooted Supertrees: Limitations, Traps, and
                  Phylogenetic Patchworks},
  booktitle =	 {Phylogenetic supertrees: Combining information to
                  reveal the Tree of Life},
  pages =		 {331--351},
  publisher =	 {Kluwer Academic},
  year =		 2004,
  editor =		 {Bininda-Emonds, Olaf},
  volume =		 4,
  series =		 {Computational Biology Book Series},
  chapter =		 15
}

@Article{lefmann04novel,
  author =		 {Michael Lefmann and Christiane Honisch and Sebastian
                  Boecker and Niels Storm and Friedrich {von
                  Wintzingerode} and Cord Schloetelburg and Annette
                  Moter and Dirk {van den Boom} and Ulf B. Goebel},
  title =		 {A novel mass spectrometry based tool for genotypic
                  identification of mycobacteria},
  journal =		 {J. Clin. Microbiol.},
  fjournal =	 {Journal of Clinical Microbiology},
  year =		 2004,
  volume =		 42,
  number =		 1,
  pages =		 {339--346},
}

@Article{stanssens04high,
  author =		 {Patrick Stanssens and Marc Zabeau and Geert
                  Meersseman and Gwen Remes and Yannick Gansemans and
                  Niels Storm and Ralf Hartmer and Christiane Honisch
                  and Charles P. Rodi and Sebastian B{\"o}cker and
                  Dirk {van den Boom}},
  title =		 {High-throughput {MALDI-TOF} Discovery of Genomic
                  Sequence Polymorphisms},
  journal =		 {Genome Res.},
  year =		 2004,
  volume =		 14,
  pages =		 {126--133},
}

@InProceedings{boecker03sequencing-wabi,
  author =		 {Sebastian B{\"o}cker},
  title =		 {Sequencing from compomers: Using mass spectrometry
                  for {DNA} de-novo sequencing of 200+~nt. {Extended}
                  abstract},
  pages =		 {476--497},
  skipeditor =	 {Gary Benson and Roderic D. M. Page},
  booktitle =	 {Proc. of Workshop on Algorithms in Bioinformatics
                  2003},
  address =		 {Budapest, Hungary},
  publisher =	 {Springer},
  series =		 LNCS,
  fseries =		 {Lecture Notes in Computer Science},
  volume =		 2812,
  year =		 2003,
  isbn =		 {3-540-20076-2},
  bibsource =	 {DBLP, http://dblp.uni-trier.de}
}

@Article{hartmer03rnase,
  author =		 {Ralf Hartmer and Niels Storm and Sebastian
                  B{\"o}cker and Charles P. Rodi and Franz Hillenkamp
                  and Christian Jurinke and Dirk {van den Boom}},
  title =		 {{RNAse} {T1} mediated base-specific cleavage and
                  {MALDI-TOF} {MS} for high-throughput comparative
                  sequence analysis},
  journal =		 NAR,
  fjournal =	 {Nucleic Acids Research},
  year =		 2003,
  volume =		 31,
  number =		 9,
  pages =		 {e47},
}

@Article{boecker03snp,
  author =		 {Sebastian B{\"o}cker},
  title =		 {{SNP} and mutation discovery using base-specific
                  cleavage and {MALDI-TOF} mass spectrometry},
  journal =		 {Bioinformatics},
  year =		 2003,
  volume =		 19,
  key =			 {Suppl. 1},
  pages =		 {i44--i53},
  note =		 {Supplemental for \emph{Intelligent Systems for
                  Molecular Biology 2003}, Brisbane, Australia},
}

@Article{wintzingerode02base,
  title =		 {Base-specific fragmentation of amplified {16S}
                  {rRNA} genes and mass spectrometry analysis: A novel
                  tool for rapid bacterial identification},
  author =		 {Friedrich {von Wintzingerode} and Sebastian
                  B{\"o}cker and Cord Schl{\"o}telburg and Norman
                  H.L. Chiu and Niels Storm and Christian Jurinke and
                  Charles R. Cantor and Ulf B. G{\"o}bel and Dirk {van
                  den Boom}},
  journal =		 PNAS,
  fjournal =	 {Proceedings of the National Academy of Sciences USA},
  year =		 2002,
  volume =		 99,
  number =		 10,
  pages =		 {7039--7044},
}

@Article{boecker02exponentially,
  author =		 {Sebastian B{\"o}cker},
  title =		 {Exponentially many supertrees},
  journal =		 {Appl. Math. Let.},
  fjournal =	 {Applied Mathematics Letters},
  year =		 2002,
  volume =		 15,
  number =		 7,
  pages =		 {861--865}
}

@Article{boecker01patchworks,
  title =		 {Patchworks},
  author =		 {Sebastian B{\"o}cker and Andreas W.M. Dress},
  journal =		 {Adv. Math.},
  fjournal =	 {Advances in Mathematics},
  year =		 {2001},
  volume =		 {157},
  number =		 {1},
  pages =		 {1--21},
}

@Article{boecker00note,
  title =		 {A Note on Maximal Hierarchies},
  author =		 {Sebastian B{\"o}cker and Andreas W.M. Dress},
  journal =		 {Adv. Math.},
  fjournal =	 {Advances in Mathematics},
  year =		 2000,
  volume =		 151,
  number =		 2,
  pages =		 {270--282},
}

@Article{steel00simple,
  title =		 {Simple but fundamental limitations on supertree and
                  consensus tree methods},
  author =		 {Michael A. Steel and Andreas W.M. Dress and
                  Sebastian B{\"o}cker},
  journal =		 {Syst. Biol.},
  fjournal =	 {Systematic Biology},
  year =		 {2000},
  volume =		 {49},
  number =		 {2},
  pages =		 {363--368},
}

@Article{boecker00algorithmic,
  title =		 {Algorithmic aspects of tree amalgamation},
  author =		 {Sebastian B{\"o}cker and David Bryant and Andreas
                  W.M. Dress and Michael A. Steel},
  journal =		 {J. Algorithms},
  fjournal =	 {Journal of Algorithms},
  volume =		 {37},
  year =		 {2000},
  pages =		 {522--537},
}

@PhdThesis{boecker99phd,
  author =		 {Sebastian B{\"o}cker},
  title =		 {From subtrees to supertrees},
  school =		 {Universit{\"a}t Bielefeld},
  year =		 {1999},
  address =		 {Bielefeld, Germany},
  month =		 {August},
  wwwavailable = {also available from \url{http://
                  archiv.ub.uni-bielefeld.de/ disshabi/ 2000/
                  0001.ps}},
}

@Article(boecker99patching,
  title =		 {Patching up {$X$}-Trees},
  author =		 {Sebastian B{\"o}cker and Andreas W.M. Dress and
                  Michael A. Steel},
  year =		 1999,
  journal =		 {Ann. Comb.},
  fjournal =	 {Annals of Combinatorics},
  volume =		 {3},
  pages =		 {1--12},
)

@Article{boecker98recovering,
  author =		 {Sebastian B{\"o}cker and Andreas W.M. Dress},
  title =		 {Recovering Symbolically Dated, Rooted Trees from
                  Symbolic Ultrametrics},
  journal =		 {Adv. Math.},
  fjournal =	 {Advances in Mathematics},
  year =		 {1998},
  volume =		 {138},
  number =		 {1},
  pages =		 {105--125},
}

%%%%%%%%%%%%%%%%%%%%%%%%%%%%%%%%%%%%%%%%%%%%%%%%%%%%%%%%%%%%%%%%%%%%%%%%%%%%%
%%%%  Sebastian Boecker's PATENTS  %%%%%%%%%%%%%%%%%%%%%%%%%%%%%%%%%%%%%%%%%%
%%%%%%%%%%%%%%%%%%%%%%%%%%%%%%%%%%%%%%%%%%%%%%%%%%%%%%%%%%%%%%%%%%%%%%%%%%%%%

@Misc{dirk04sbh-patent,
  author =		 {Dirk van den Boom and Sebastian B{\"o}cker},
  title =		 {Methods for long-range sequence analysis of nucleic
                  acids},
  howpublished = {U.S. Patent Application No.\@ \url{60/608,712}},
  year =		 2004
}

@Misc{boecker04denovo-patent,
  author =		 {Sebastian B{\"o}cker and Dirk {van den Boom}},
  title =		 {Fragmentation-based methods and systems for de-novo
                  sequencing},
  howpublished = {International Patent Application No.\@
                  \url{WO2004US0012520}},
  year =		 2004
}

@Misc{boecker03denovo-patent,
  author =		 {Sebastian B{\"o}cker and Dirk {van den Boom}},
  title =		 {Fragmentation-based methods and systems for de-novo
                  sequencing},
  howpublished = {U.S. Patent Application No.\@ \url{60/466,006}},
  year =		 2003,
  annote =		 {do not use!}
}

@Misc{boecker04snp-patent,
  author =		 {Sebastian B{\"o}cker and Dirk {van den Boom}},
  title =		 {Fragmentation-based methods and systems for sequence
                  variation detection and discovery},
  howpublished = {International Patent Application No.\@
                  \url{WO2003US0037931}},
  year =		 2004
}

@Misc{boecker03snp-patent,
  author =		 {Sebastian B{\"o}cker and Dirk {van den Boom}},
  title =		 {Fragmentation-based methods and systems for sequence
                  variation detection and discovery},
  howpublished = {U.S. Patent Application No.\@ \url{60/429,895}},
  year =		 2003,
  annote =		 {do not use!}
}


%%%%%%%%%%%%%%%%%%%%%%%%%%%%%%%%%%%%%%%%%%%%%%%%%%%%%%%%%%%%%%%%%%%%%%%%%%%%%
%%%%  Sebastian Boecker's TECHNICAL REPORTS  %%%%%%%%%%%%%%%%%%%%%%%%%%%%%%%%
%%%%%%%%%%%%%%%%%%%%%%%%%%%%%%%%%%%%%%%%%%%%%%%%%%%%%%%%%%%%%%%%%%%%%%%%%%%%%

@TechReport{boecker04money,
  author =		 {Sebastian B{\"o}cker and {\relax Zs}uzsanna Lipt{\'a}k},
  title =		 {The Money Changing Problem revisited: Computing the
                  {Frobenius} number in time {$O(k \, a_1)$}},
  institution =	 {University of Bielefeld, Technical Faculty},
  year =		 2004,
  number =		 {2004-2},
  month =		 {June},
  note =		 {Submitted}
}

@TechReport{boecker04nphard,
  author =		 {Sebastian B{\"o}cker},
  title =		 {Sequencing From Compomers is {NP}-hard},
  number =		 {2004-01},
  institution =	 {Technische Fakult{\"a}t der Universit{\"a}t
                  Bielefeld, Abteilung Informationstechnik},
  year =		 2004,
}

@TechReport{boecker03falsenegative-techrep,
  author =		 {Sebastian B{\"o}cker},
  title =		 {Sequencing from compomers in the presence of false
                  negative peaks},
  number =		 {2003-07},
  institution =	 {Technische Fakult{\"a}t der Universit{\"a}t
                  Bielefeld, Abteilung Informationstechnik},
  year =		 2003,
}

@TechReport{boecker03sequencing-techrep,
  author =		 {Sebastian B{\"o}cker},
  title =		 {Sequencing from compomers: Using mass spectrometry
                  for {DNA} de-novo sequencing of 200+~nt},
  number =		 {2003-04},
  institution =	 {Technische Fakult{\"a}t der Universit{\"a}t
                  Bielefeld, Abteilung Informationstechnik},
  year =		 2003,
}

@TechReport{boecker03snp-techrep,
  author =		 {Sebastian B{\"o}cker},
  title =		 {{SNP} and mutation discovery using base-specific
                  cleavage and {MALDI-TOF} mass spectrometry},
  number =		 {2003-02},
  institution =	 {Technische Fakult{\"a}t der Universit{\"a}t
                  Bielefeld, Abteilung Informationstechnik},
  year =		 2003,
}

@INPROCEEDINGS{HEB-STO-2001,
 author =    {Heber, S. and Stoye, J.},
 title =     {Finding all Common Intervals of $k$ Permutations},
 booktitle = {Proceedings of the 12th Annual Symposium on Combinatorial Pattern
              Matching, CPM 2001},
 editor =    {Amir, A. and Landau, G.},
 publisher = {Springer Verlag},
 address =   {Berlin},
 series =    {LNCS},
 volume =    {2089},
 pages =     {207-218},
 year =      2001
}

@INPROCEEDINGS{HEB-STO-2001B,
 author =    {Heber, S. and Stoye, J.},
 title =     {Algorithms for Finding Gene Clusters},
 booktitle = {Proceedings of the First International Workshop on Algorithms in
              Bioinformatics, WABI 2001},
 editor =    {Gascuel, O. and Moret, B.},
 publisher = {Springer Verlag},
 address =   {Berlin},
 series =    {LNCS},
 volume =    {2149},
 pages =     {252-263},
 year =      2001
}

@INPROCEEDINGS{SCH-STO-2004,
 author =    {Schmidt, T. and Stoye, J.},
 title =     {Quadratic Time Algorithms for Finding Common Intervals in Two and
              More Sequences},
 booktitle = {Proceedings of the 15th Annual Symposium on Combinatorial Pattern
              Matching, CPM 2004},
 editor =    {Sahinalp, S. C. and Muthukrishnan, S. and Dogrusoz, U.},
 publisher = {Springer Verlag},
 address =   {Berlin},
 series =    {LNCS},
 volume =    {3109},
 pages =     {347-358},
 year =      2004
}

@INPROCEEDINGS{HAN-PEV-1995C,
 author =    {Hannenhalli, S. and Pevzner, P. A.},
 title =     {Transforming Men Into Mice (Polynomial Algorithm for Genomic
              Distance Problem)},
 booktitle = {Proc. 36th Annu. Symp. Found. Comput. Sci., FOCS 1995},
 publisher = {IEEE Press},
 pages =     {581-592},
 year =      1995
}

@ARTICLE{HAN-1996,
 author =    {Hannenhalli, S.},
 title =     {Polynomial-time Algorithm for Computing Translocation Distance
              Between Genomes},
 journal =   {Discrete Appl. Math.},
 volume =    {71},
 number =    {1-3},
 pages =     {137-151},
 year =      1996
}

@ARTICLE{HAN-PEV-1999,
 author =    {Hannenhalli, S. and Pevzner, P. A.},
 title =     {Transforming Cabbage into Turnip: Polynomial Algorithm for
              Sorting Signed Permutations by Reversals},
 journal =   {J. ACM},
 volume =    {46},
 number =    {1},
 pages =     {1-27},
 year =      1999
}

@ARTICLE{BER-HEB-STO-2002,
 author =    {Bergeron, A. and Heber, S. and Stoye, J.},
 title =     {Common Intervals and Sorting by Reversals: A Marriage of
              Necessity},
 journal =   {Bioinformatics},
 volume =    {18},
 number =    {Suppl. 2},
 pages =     {S54-S63},
 note =      {(Proceedings of ECCB 2002)},
 year =      2002
}

@INPROCEEDINGS{BER-STO-2003B,
 author =    {Bergeron, A. and Stoye, J.},
 title =     {On the Similarity of Sets of Permutations and its Applications to
              Genome Comparison},
 booktitle = {Proceedings of the 9th Annual International Conference on
              Computing and Combinatorics, COCOON 2003},
 editor =    {Warnow, T. and Zhu, B.},
 publisher = {Springer Verlag},
 address =   {Berlin},
 series =    {LNCS},
 volume =    {2697},
 pages =     {68-79},
 year =      2003
}

@INPROCEEDINGS{BER-MIX-STO-2004,
 author =    {Bergeron, A. and Mixtacki, J. and Stoye, J.},
 title =     {Reversal Distance without Hurdles and Fortresses},
 booktitle = {Proceedings of the 15th Annual Symposium on Combinatorial Pattern
              Matching, CPM 2004},
 editor =    {Sahinalp, S. C. and Muthukrishnan, S. and Dogrusoz, U.},
 publisher = {Springer Verlag},
 address =   {Berlin},
 series =    {LNCS},
 volume =    {3109},
 pages =     {388-399}, 
 year =      2004
}

@INCOLLECTION{BER-MIX-STO-2005,
 author =    {Bergeron, A. and Mixtacki, J. and Stoye, J.},
 title =     {The Inversion Distance Problem},
 booktitle = {Mathematics of Evolution and Phylogeny},
 editor =    {Gascuel, O.},
 publisher = {Oxford University Press},
 address =   {Oxford, UK},
 chapter =   {10},
 pages =     {262-290},
 year =      2005
}

@INPROCEEDINGS{BER-MIX-STO-2005B,
 author =    {Bergeron, A. and Mixtacki, J. and Stoye, J.},
 title =     {On Sorting by Translocations},
 booktitle = {Proceedings of the 9th Annual International Conference
              on Computational Molecular Biology, RECOMB 2005},
 editor =    {Miyano, S. and Mesirov, J. and Kasif, S. and Istrail, S. and
              Pevzner, P. and Waterman, M.},
 publisher = {Springer Verlag},
 address =   {Berlin},
 series =    {LNCS},
 volume =    {3500},
 pages =     {615-629},
 year =      2005
}

@ARTICLE{CIE-ERL-LIP-STO-WEL-2004,
 author =    {Cieliebak, M. and Erlebach, T. and Lipták, Zs. and
                Stoye, J. and Welzl, E.},
 title =     {Algorithmic Complexity of Protein Identification: Combinatorics
              of Weighted Strings},
 journal =   {Discrete Appl. Math.},
 volume =    {137},
 number =    {1},
 pages =     {27-46},
 year =      2004
}

