This file was created with JabRef 2.1.
Encoding: Cp1252

@INPROCEEDINGS{BER-MIX-STO-2005,
  author = {Bergeron, A. and Mixtacki, J. and Stoye, J.},
  title = {The inversion distance problem},
  year = {2005},
  pages = {262--290},
  chapter = {10},
  crossref = {GAS-2005}
}

@INPROCEEDINGS{SCH-STO-2005,
  author = {Klaus-Bernd Sch{\"u}rmann and Jens Stoye},
  title = {An Incomplex Algorithm for Fast Suffix Array Construction.},
  booktitle = {ALENEX/ANALCO},
  year = {2005},
  pages = {78-85},
  bibsource = {DBLP, http://dblp.uni-trier.de},
  crossref = {DBLP:conf/alenex/2005},
  ee = {http://www.siam.org/meetings/alenex05/papers/07kschuermann.pdf}
}

@ARTICLE{ABO-KUR-OHL-2004,
  author = {Abouelhoda, M. I. and Kurtz, S. and Ohlebusch, E.},
  title = {Replacing Suffix Trees with Enhanced Suffix Arrays},
  journal = {J. Discr. Alg.},
  year = {2004},
  volume = {2},
  pages = {53-86}
}

@INCOLLECTION{AND-ERI-2000,
  author = {Andersson, S. G. E. and Eriksson, K.},
  title = {Dynamics of Gene Order Structures and Genomic Architectures},
  booktitle = {Comparative Genomics},
  publisher = {Kluwer Academic Publisher},
  year = {2000},
  editor = {Sankoff, D. and Nadeau, J. H.},
  volume = {1},
  series = {Computational Biology Series},
  pages = {267-280},
  address = {London},
  keywords = {GENOME_STRUCTURE}
}

@ARTICLE{BAD-MOR-YAN-2001B,
  author = {Bader, D. A. and Moret, B. M. E. and Yan, M.},
  title = {A Linear-Time Algorithm for Computing Inversion Distance between
	Signed Permutations with an Experimental Study},
  journal = {J. Comp. Biol.},
  year = {2001},
  volume = {8},
  pages = {483-491},
  number = {5}
}

@ARTICLE{BAF-PEV-1998,
  author = {Bafna, V. and Pevzner, P. A.},
  title = {Sorting by Transpositions},
  journal = {SIAM J. Disc. Math.},
  year = {1998},
  volume = {11},
  pages = {224-240},
  number = {2}
}

@INPROCEEDINGS{BAN-STO-2003,
  author = {Bannert, C. and Stoye, J.},
  title = {Evaluation of the Jumping Alignment Algorithm with Artificial and
	Biological Data},
  booktitle = {Proc. of the German Conference on Bioinformatics, GCB 2003},
  year = {2003},
  pages = {21-25},
  keywords = {ALIGNMENT,JUMPING_ALIGNMENT,DATABASE_SEARCH}
}

@ARTICLE{BEC-HOM-GIE-KUR-2006,
  author = {Beckstette, M. and Homann, R. and Giegerich, R. and Kurtz, S.},
  title = {Fast Index Based Algorithms and Software for Matching Position Specific
	Scoring Matrices},
  journal = {BMC Bioinformatics},
  year = {2006},
  volume = {7},
  number = {389}
}

@INPROCEEDINGS{BER-2001,
  author = {Bergeron, A.},
  title = {A Very Elementary Presentation of the {H}annenhalli-{P}evzner Theory},
  booktitle = {Proceedings of the 12th Annual Symposium on Combinatorial Pattern
	Matching, CPM 2001},
  year = {2001},
  editor = {Amir, A. and Landau, G.},
  volume = {2089},
  series = {LNCS},
  pages = {106-117},
  publisher = {Springer Verlag},
  annote = {*** booktitle = {\cite{CPM-2001}}, ***},
  keywords = {GENOME_REARRANGEMENT,SIGNED_SBR}
}

@ARTICLE{BER-HEB-STO-2002,
  author = {Bergeron, A. and Heber, S. and Stoye, J.},
  title = {Common Intervals and Sorting by Reversals: A Marriage of Necessity},
  journal = {Bioinformatics},
  year = {2002},
  volume = {18},
  pages = {S54-S63},
  number = {Suppl. 2},
  note = {(Proceedings of ECCB 2002)}
}

@INPROCEEDINGS{BER-MIX-STO-2005B,
  author = {Bergeron, A. and Mixtacki, J. and Stoye, J.},
  title = {On sorting by translocations},
  booktitle = {Proceedings of the 9th Annual International Conference on Computational
	Molecular Biology, RECOMB},
  year = {2005},
  editor = {Miyano, S. and Mesirov, J. and Kasif, S. and Istrail, S. and Pevzner,
	P. A. and Waterman, M.},
  volume = {3500},
  series = {LNCS},
  pages = {615--629},
  address = {Berlin},
  publisher = {Springer Verlag}
}

@INPROCEEDINGS{BER-MIX-STO-2004,
  author = {Bergeron, A. and Mixtacki, J. and Stoye, J.},
  title = {Reversal Distance without Hurdles and Fortresses},
  booktitle = {Proc. 15th Annual Symposium on Combinatorial Pattern Matching (CPM
	2004)},
  year = {2004},
  volume = {3109},
  series = {LNCS},
  pages = {388--399},
  noeditor = {Sahinalp, S. C. and Muthukrishnan, S. and Dogrusoz, U.},
  nopublisher = {Springer Verlag},
  optaddress = {Berlin}
}

@INPROCEEDINGS{BER-STO-2003B,
  author = {Bergeron, A. and Stoye, J.},
  title = {On the Similarity of Sets of Permutations and its Applications to
	Genome Comparison},
  booktitle = {Proceedings of the 9th Annual International Conference on Computing
	and Combinatorics, COCOON 2003},
  year = {2003},
  editor = {Warnow, T. and Zhu, B.},
  volume = {2697},
  series = {LNCS},
  pages = {68-79},
  publisher = {Springer Verlag}
}

@TECHREPORT{BER-STO-2003,
  author = {Bergeron, A. and Stoye, J.},
  title = {On the Similarity of Sets of Permutations and its Applications to
	Genome Comparison},
  institution = {Technische Fakultät der Universität Bielefeld, Abteilung Informationstechnik},
  year = {2003},
  type = {Report},
  number = {2003-01},
  annote = {for conference version, see \cite{BER-STO-2003B}}
}

@INPROCEEDINGS{BER-STR-2001,
  author = {Bergeron, A. and Strasbourg, F.},
  title = {Experiments in Computing Sequences of Reversals},
  booktitle = {Proceedings of the First International Workshop on Algorithms in
	Bioinformatics, WABI 2001},
  year = {2001},
  editor = {Gascuel, O. and Moret, B.},
  volume = {2149},
  series = {LNCS},
  pages = {164-174},
  publisher = {Springer Verlag}
}

@INPROCEEDINGS{BER-HAN-1996,
  author = {Berman, P. and Hannenhalli, S.},
  title = {Fast Sorting By Reversal},
  booktitle = {Proceedings of the 7th Annual Symposium on Combinatorial Pattern
	Matching, CPM 1996},
  year = {1996},
  editor = {Hirschberg, D. and Myers, G.},
  volume = {1075},
  series = {LNCS},
  pages = {168-185},
  publisher = {Springer Verlag}
}

@INCOLLECTION{BOR-SNE-LEH-SUY-DAN-LAT-HUY-2000,
  author = {Bork, P. and Snel, B. and Lehmann, G. and Suyama, M. and Dandekar,
	T. and Lathe III, W. and Huynen, M. A.},
  title = {Comparative Genome Analysis: Exploiting the Context of Genes to Infer
	Evolution and Predict Function},
  booktitle = {Comparative Genomics},
  publisher = {Kluwer Academic Publishers},
  year = {2000},
  editor = {Sankoff, D. and Nadeau, J. H.},
  volume = {1},
  series = {Computational Biology Series},
  pages = {281-294},
  address = {London}
}

@TECHREPORT{BRI-DRE-PER-STO-1997,
  author = {Brinkmann, G. and Dress, A. W. M. and Perrey, S. W. and Stoye, J.},
  title = {Two Applications of the Divide \& Conquer Principle in the Molecular
	Sciences},
  institution = {University of Canterbury, Christchurch, New Zealand. Department of
	Mathematics and Statistics},
  year = {1997},
  type = {Research Report},
  number = {151}
}

@TECHREPORT{BRI-DRE-PER-STO-1997B,
  author = {Brinkmann, G. and Dress, A. W. M. and Perrey, S. W. and Stoye, J.},
  title = {Two Applications of the Divide \& Conquer Principle in the Molecular
	Sciences},
  institution = {Universität Bielefeld, Forschungsschwerpunkt Mathematisierung --
	Strukturbildungsprozesse},
  year = {1997},
  type = {Materialien/Preprints},
  number = {109}
}

@ARTICLE{BRI-DRE-PER-STO-1997C,
  author = {Brinkmann, G. and Dress, A. W. M. and Perrey, S. W. and Stoye, J.},
  title = {Two Applications of the Divide\&Conquer Principle in the Molecular
	Sciences},
  journal = {Math. Program.},
  year = {1997},
  volume = {79},
  pages = {71-97}
}

@INPROCEEDINGS{BRO-LYN-PED-STO-1999B,
  author = {Brodal, G. S. and Lyngsø, R. B. and Pedersen, C. N. S. and Stoye,
	J.},
  title = {Finding Maximal Pairs with Bounded Gap},
  booktitle = {Proceedings of the 10th Annual Symposium on Combinatorial Pattern
	Matching, CPM 1999},
  year = {1999},
  editor = {Crochemore, M. and Paterson, M.},
  volume = {1645},
  series = {LNCS},
  pages = {134-149},
  publisher = {Springer Verlag}
}

@ARTICLE{BRO-LYN-PED-STO-2000,
  author = {Brodal, G. S. and Lyngsø, R. B. and Pedersen, C. N. S. and Stoye,
	J.},
  title = {Finding Maximal Pairs with Bounded Gap},
  journal = {J. Discr. Alg.},
  year = {2000},
  volume = {1},
  pages = {77-104}
}

@TECHREPORT{BRO-LYN-PED-STO-1999,
  author = {Brodal, G. S. and Lyngsø, R. B. and Pedersen, C. N. S. and Stoye,
	J.},
  title = {Finding Maximal Pairs with Bounded Gap},
  institution = {BRICS},
  year = {1999},
  number = {RS-99-12},
  address = {Department of Computer Science, University of Aarhus, Ny Munkegade,
	8000 Århus C, Denmark}
}

@INPROCEEDINGS{BRY-MOU-2002,
  author = {Bryant, D. and Moulton, V.},
  title = {{NeighborNet}: An Agglomerative Method for the Construction of Planar
	Phylogenetic Networks},
  booktitle = {Proceedings of the Second International Workshop on Algorithms in
	Bioinformatics, WABI 2002},
  year = {2002},
  editor = {Guigó, R. and Gusfield, D.},
  volume = {2452},
  series = {LNCS},
  pages = {375-391},
  publisher = {Springer Verlag}
}

@TECHREPORT{BUR-WHE-1994,
  author = {Burrows, M. and Wheeler, D. J.},
  title = {A Block Sorting Lossless Data Compression Algorithm},
  institution = {Digital Equipment Corporation},
  year = {1994},
  number = {TR 124},
  address = {Palo Alto, CA}
}

@INPROCEEDINGS{BOE-2006,
  author = {Sebastian B{\"o}cker},
  title = {Simulating multiplexed SNP discovery rates using base-specific cleavage
	and mass spectrometry},
  booktitle = {Proceedings of the 5th European Conference on Computational Biology
	ECCB 2006},
  year = {2006},
  note = {To appear}
}

@INPROCEEDINGS{BOE-2004,
  author = {Sebastian B{\"o}cker},
  title = {Weighted Sequencing from Compomers: {DNA} de-novo sequencing from
	mass spectrometry data in the presence of false negative peaks},
  booktitle = {Proc. of German Conference on Bioinformatics (GCB 2004)},
  year = {2004},
  volume = {P-53},
  series = {Lecture Notes in Informatics},
  pages = {13--23},
  address = {Bielefeld, Germany},
  skipeditor = {Robert Giegerich and Jens Stoye}
}

@INPROCEEDINGS{BOE-2003,
  author = {Sebastian B{\"o}cker},
  title = {Sequencing from compomers: Using mass spectrometry for {DNA} de-novo
	sequencing of 200+~nt. {Extended} abstract},
  booktitle = {Proc. of WABI 2003},
  year = {2003},
  volume = {2812},
  series = {Lect. Notes Comput. Sc.},
  pages = {476--497},
  bibsource = {DBLP,http://dblp.uni-trier.de},
  fseries = {Lecture Notes in Computer Science},
  noaddress = {Budapest, Hungary},
  noisbn = {3-540-20076-2},
  nopublisher = {Springer},
  skipeditor = {Gary Benson and Roderic D. M. Page}
}

@ARTICLE{BOE-2003B,
  author = {Sebastian B{\"o}cker},
  title = {{SNP} and mutation discovery using base-specific cleavage and {MALDI-TOF}
	mass spectrometry},
  journal = {Bioinformatics},
  year = {2003},
  volume = {19},
  pages = {i44--i53},
  note = {Supplemental for \emph{Intelligent Systems for Molecular Biology
	2003}, Brisbane, Australia},
  key = {Suppl. 1},
  pdf = {http://www.iscb.org/ismb2003/paperAbstracts/btg1004.pdf}
}

@INPROCEEDINGS{BOE-ZSU-2005,
  author = {Sebastian B{\"o}cker and {\relax Zs}uzsanna Lipt{\'a}k},
  title = {The Money Changing Problem revisited: Computing the {Frobenius} number
	in time {$O(k \, a_1)$}},
  booktitle = {Proc. of COCOON 2005},
  year = {2005},
  volume = {3595},
  series = {Lect. Notes Comput. Sc.},
  pages = {965--974},
  fseries = {Lecture Notes in Computer Science},
  noaddress = {Kunming, China},
  nopublisher = {Springer},
  skipeditor = {Wang and Lusheng}
}

@INPROCEEDINGS{BOE-ZSU-2005B,
  author = {Sebastian B{\"o}cker and {\relax Zs}uzsanna Lipt{\'a}k},
  title = {Efficient Mass Decomposition},
  booktitle = {Proc. of ACM Symposium on Applied Computing (ACM SAC 2005)},
  year = {2005},
  pages = {151--157},
  address = {Santa Fe, USA},
  skipmonth = {March}
}

@ARTICLE{CAP-1999,
  author = {Caprara, A.},
  title = {Sorting Permutations by Reversals and {E}ulerian Cycle Decompositions},
  journal = {SIAM J. Disc. Math.},
  year = {1999},
  volume = {12},
  pages = {91-110}
}

@INPROCEEDINGS{CAR-RAH-2006,
  author = {S\'ergio A. de Carvalho Jr. and Sven Rahmann},
  title = {Improving the layout of oligonucleotide microarrays: {P}ivot {P}artitioning},
  booktitle = {Proceedings of the 6th Workshop of Algorithms in Bioinformatics},
  year = {2006},
  editor = {Philipp Bucher and others},
  volume = {4175},
  series = {Lecture Notes in Computer Science},
  pages = {321--332},
  publisher = {Springer},
  abstract = {The production of commercial {DNA} microarrays is based on a light-directed
	chemical synthesis driven by a set of masks or micromirror arrays.
	Because of the natural properties of light and the ever shrinking
	feature sizes, the arrangement of the probes on the chip and the
	order in which their nucleotides are synthesized play an important
	role on the quality of the final product. We propose a new model
	called conflict index for evaluating the layout of microarrays.
	We also present a new algorithm, called Pivot Partitioning, that
	improves the quality of layouts, according to existing measures,
	by over 6% when compared to the best known algorithms.},
  chapter = {Improving the layout of oligonucleotide microarrays: {P}ivot {P}artitioning},
  comment = {WABI 2006, Z\"urich, Switzerland, September 11-13, 2006.},
  owner = {Sergio},
  timestamp = {2007.08.08}
}

@INPROCEEDINGS{CAR-RAH-2007,
  author = {S\'ergio A. de Carvalho Jr. and Sven Rahmann},
  title = {Improving the Design of {G}ene{C}hip Arrays by Combining Placement
	and Embedding},
  booktitle = {Proceedings of the 6th International Conference on Computational
	Systems Bioinformatics (CSB)},
  year = {2007},
  note = {To appear},
  owner = {Sergio},
  timestamp = {2007.08.08}
}

@PHDTHESIS{CHR-1998,
  author = {Christie, D. A.},
  title = {Genome Rearrangement Problems},
  school = {The University of Glasgow},
  year = {1998},
  type = {{PhD} Thesis}
}

@ARTICLE{CIE-ERL-LIP-STO-WEL-2004,
  author = {Cieliebak, M. and Erlebach, T. and Lipták, Z. and Stoye, J. and Welzl,
	E.},
  title = {Algorithmic Complexity of Protein Identification: Combinatorics of
	Weighted Strings},
  journal = {Discrete Appl. Math.},
  year = {2004},
  volume = {137},
  pages = {27-46},
  number = {1}
}

@TECHREPORT{CIE-ERL-LIP-STO-WEL-2001,
  author = {Cieliebak, M. and Erlebach, T. and Lipták, Z. and Stoye, J. and Welzl,
	E.},
  title = {Algorithmic Complexity of Protein Identification: Combinatorics of
	Weighted Strings},
  institution = {ETH Zürich, Dept. of Computer Science},
  year = {2001},
  type = {Technical Report},
  number = {361}
}

@INPROCEEDINGS{CIE-LIP-WEL-ERL-STO-2002,
  author = {Cieliebak, M. and Lipták, Z. and Welzl, E. and Erlebach, T. and Stoye,
	J.},
  title = {Algorithmic Complexity of Protein Identification: Searching in Weighted
	Strings},
  booktitle = {Proceedings of the 2nd IFIP International Conference on Theoretical
	Computer Science, TCS 2002: Foundations of Information Technology
	in the Era of Network and Mobile Computing},
  year = {2002},
  editor = {Baeza-Yates, R. and Montanari, U. and Santoro, N.},
  pages = {143-156},
  publisher = {Kluwer Academic Publishers}
}

@ARTICLE{CRE-CRE-2001,
  author = {Cremer, T. and Cremer, C.},
  title = {Chromosome Territories, Nuclear Architecture and Gene Regulation
	in Mammalian Cells},
  journal = {Nat. Rev. Genet.},
  year = {2001},
  volume = {2},
  pages = {292-301},
  number = {4}
}

@ARTICLE{DAN-SNE-HUY-BOR-1998,
  author = {Dandekar, T. and Snel, B. and Huynen, M. and Bork, P.},
  title = {Conservation of Gene Order: A Fingerprint of Proteins that Physically
	Interact},
  journal = {Trends Biochem. Sci.},
  year = {1998},
  volume = {23},
  pages = {324-328},
  number = {9}
}

@ARTICLE{DAR-MAU-BLA-PER-2004,
  author = {Darling, A. C. E. and Mau, B. and Blattner, F. R. and Perna, N. T.},
  title = {{Mauve}: Multiple Alignment of Conserved Genomic Sequence With Rearrangements},
  journal = {Genome Res.},
  year = {2004},
  volume = {14},
  pages = {1394-1403},
  number = {7}
}

@ARTICLE{DEL-KAS-FLE-PET-WHI-SAL-1999,
  author = {Delcher, A. L. and Kasif, S. and Fleischmann, R. D. and Peterson,
	J. and White, O. and Salzberg, S. L.},
  title = {Alignment of Whole Genomes},
  journal = {Nucleic Acids Res.},
  year = {1999},
  volume = {27},
  pages = {2369-2376},
  number = {11}
}

@ARTICLE{DIE-RAH-VIN-2004,
  author = {Dietrich, C. and Rahmann, S. and Vingron, M.},
  title = {Functional inference from non-random distributions of conserved predicted
	transcription factor biding sites},
  journal = {Bioinformatics},
  year = {2004},
  volume = {20},
  pages = {i109--i115},
  number = {Suppl.1},
  note = {ECCB/ISMB special issue}
}

@ARTICLE{DRE-MOR-STO-1998,
  author = {Dress, A. and Morgenstern, B. and Stoye, J.},
  title = {The Number of Standard and of Effective Multiple Alignments},
  journal = {Appl. Math. Lett.},
  year = {1998},
  volume = {11},
  pages = {43-49},
  number = {4}
}

@TECHREPORT{DRE-MOR-STO-1997,
  author = {Dress, A. and Morgenstern, B. and Stoye, J.},
  title = {On the Number of Standard and of Effective Multiple Alignments},
  institution = {Universität Bielefeld, Forschungsschwerpunkt Mathematisierung --
	Strukturbildungsprozesse},
  year = {1997},
  type = {Materialien/Preprints},
  number = {112}
}

@ARTICLE{EHR-BOE-BOO-2005,
  author = {Matthias Ehrich and Sebastian B{\"o}cker and Dirk {van den Boom}},
  title = {Multiplexed discovery of sequence polymorphisms using base-specific
	cleavage and {MALDI-TOF} {MS}},
  journal = {Nucleic acids Res.},
  year = {2005},
  volume = {33},
  pages = {e38},
  number = {4},
  annote = {Published online February 24, 2005},
  fjournal = {nucleic Acids Research},
  pdf = {http://nar.oxfordjournals.org/cgi/content/full/33/4/e38}
}

@ARTICLE{ERI-ERI-KAR-SVE-WAS-2001,
  author = {Eriksson, H. and Eriksson, K. and Karlander, J. and Svensson, L.
	and Wästlund, J.},
  title = {Sorting a {B}ridge Hand},
  journal = {Discrete Math.},
  year = {2001},
  volume = {241},
  pages = {289-300}
}

@INPROCEEDINGS{FAR-1997,
  author = {Farach, M.},
  title = {Optimal Suffix Tree Construction with Large Alphabets},
  booktitle = {Proc. 38th Annu. Symp. Found. Comput. Sci., FOCS 1997},
  year = {1997},
  pages = {137-143},
  address = {New York, NY},
  publisher = {IEEE Press}
}

@ARTICLE{FER-MAN-2005,
  author = {Ferragina, P. and Manzini, G.},
  title = {Indexing Compressed Text},
  journal = {J. ACM},
  year = {2005},
  volume = {52},
  pages = {552-581},
  number = {4}
}

@INPROCEEDINGS{FER-MAN-2000,
  author = {Ferragina, P. and Manzini, G.},
  title = {Opportunistic Data Structures with Applications},
  booktitle = {Proceedings of the 41th Annual Symposium on Foundations of Computer
	Science, FOCS 2000},
  year = {2000},
  pages = {390-398},
  address = {New York, NY},
  publisher = {IEEE Press}
}

@INPROCEEDINGS{FER-MAN-MAK-NAV-2004,
  author = {Ferragina, P. and Manzini, G. and Mäkinen, V. and Navarro, G.},
  title = {An Alphabet-Friendly {FM}-index},
  booktitle = {Proceedings of the 11th International Symposium on String Processing
	and Information Retrieval, SPIRE 2004},
  year = {2004},
  volume = {3246},
  series = {LNCS},
  pages = {150-160},
  address = {Berlin},
  publisher = {Springer Verlag}
}

@ARTICLE{FUJ-OGA-MAT-KAN-2000,
  author = {Fujibuchi, W. and Ogata, H. and Matsuda, H. and Kanehisa, M.},
  title = {Automatic Detection of Conserved Gene Clusters in Multiple Genomes
	by Graph Comparison and {P}-Quasi Grouping},
  journal = {Nucleic Acids Res.},
  year = {2000},
  volume = {28},
  pages = {4029-4036},
  number = {20}
}

@INPROCEEDINGS{GIE-KUR-STO-1999,
  author = {Giegerich, R. and Kurtz, S. and Stoye, J.},
  title = {Efficient Implementation of Lazy Suffix Trees},
  booktitle = {Proceedings 3rd Workshop on Algorithm Engineering, WAE 1999},
  year = {1999},
  editor = {Vitter, J. S. and Zaroliagis, C. D.},
  volume = {1668},
  series = {LNCS},
  pages = {30-42},
  publisher = {Springer Verlag}
}

@ARTICLE{GIE-KUR-STO-2003,
  author = {Giegerich, R. and Kurtz, S. and Stoye, J.},
  title = {Efficient Implementation of Lazy Suffix Trees},
  journal = {Softw. Pract. Exper.},
  year = {2003},
  volume = {33},
  pages = {1035-1049},
  number = {11}
}

@ARTICLE{GIE-STO-2003,
  author = {Giegerich, R. and Stoye, J.},
  title = {{Finden, fast ohne zu suchen: Indexstrukturen in der Bioinformatik}},
  journal = {{Forschung an der Universität Bielefeld}},
  year = {2003},
  volume = {26},
  pages = {63-68}
}

@INPROCEEDINGS{GRO-GUP-VIT-2003,
  author = {Grossi, R. and Gupta, A. and Vitter, J. S.},
  title = {High-Order Entropy-Compressed Text Indexes},
  booktitle = {Proceedings of the 14th Annual ACM-SIAM Symposium on Discrete Algorithms,
	SODA 2003},
  year = {2003},
  pages = {841--850},
  annote = {*** booktitle = {\cite{SODA-2003}}, ***}
}

@ARTICLE{GRO-VIT-2006,
  author = {Grossi, R. and Vitter, J. S.},
  title = {Compressed Suffix Arrays and Suffix Trees with Applications to Text
	Indexing and String Matching},
  journal = {SIAM J. Computing},
  year = {2006},
  volume = {35},
  pages = {378-407},
  number = {2}
}

@INPROCEEDINGS{GRO-VIT-2000,
  author = {Grossi, R. and Vitter, J. S.},
  title = {Compressed Suffix Arrays and Suffix Trees with Applications to Text
	Indexing and String Matching},
  booktitle = {Conf. Proc. 32th Annu. ACM Symp. Theory Comput., STOC 2000},
  year = {2000},
  pages = {397-406},
  address = {New York, NY},
  publisher = {ACM Press}
}

@BOOK{GUS-1997,
  title = {Algorithms on Strings, Trees, and Sequences: Computer Science and
	Computational Biology},
  publisher = {Cambridge University Press},
  year = {1997},
  author = {Gusfield, D.},
  address = {New York, NY}
}

@ARTICLE{GUS-STO-2004,
  author = {Dan Gusfield and Jens Stoye},
  title = {Linear time algorithms for finding and representing all the tandem
	repeats in a string},
  journal = {J. Comput. Syst. Sci.},
  year = {2004},
  volume = {69},
  pages = {525--546},
  number = {4},
  address = {Orlando, FL, USA},
  doi = {http://dx.doi.org/10.1016/j.jcss.2004.03.004},
  issn = {0022-0000},
  publisher = {Academic Press, Inc.}
}

@TECHREPORT{GUS-STO-1998,
  author = {Gusfield, D. and Stoye, J.},
  title = {Linear Time Algorithms for Finding and Representing all the Tandem
	Repeats in a String},
  institution = {Department of Computer Science, University of California, Davis},
  year = {1998},
  type = {Report},
  number = {CSE-98-4},
  annote = {for journal version, see \cite{GUS-STO}},
  keywords = {STRING_ALGORITHMS,REPEATS,EXACT_REPEATS,EXACT_TANDEM_REPEATS}
}

@ARTICLE{HAN-1996,
  author = {S. Hannehalli},
  title = {Polynomial-time algorithm for computing translocation distance between
	genomes},
  journal = {Discrete Appl. Math.},
  year = {1996},
  volume = {71},
  pages = {137--151},
  number = {1--3}
}

@INPROCEEDINGS{HAN-PEV-1995B,
  author = {Hannenhalli, S. and Pevzner, P. A.},
  title = {Transforming Cabbage Into Turnip (Polynomial Algorithm for Sorting
	Signed Permutations by Reversals)},
  booktitle = {Conf. Proc. 27th Annu. ACM Symp. Theory Comput., STOC 1995},
  year = {1995},
  pages = {178-189},
  publisher = {ACM Press}
}

@INPROCEEDINGS{HAN-PEV-1995C,
  author = {Hannenhalli, S. and Pevzner, P. A.},
  title = {Transforming Men Into Mice (Polynomial Algorithm for Genomic Distance
	Problem)},
  booktitle = {Proc. 36th Annu. Symp. Found. Comput. Sci., FOCS 1995},
  year = {1995},
  pages = {581-592},
  publisher = {IEEE Press}
}

@INPROCEEDINGS{HAR-2003,
  author = {Hartman, T.},
  title = {A Simpler 1.5-Approximation Algorithm for Sorting by Transpositions},
  booktitle = {Proceedings of the 14th Annual Symposium on Combinatorial Pattern
	Matching, CPM 2003},
  year = {2003},
  editor = {Baeza-Yates, R. and Chávez, E. and Crochemore, M.},
  volume = {2676},
  series = {LNCS},
  pages = {156-169},
  publisher = {Springer Verlag}
}

@ARTICLE{HAR-STO-BOE-ROD-HIL-JUR-BOO-2003,
  author = {Ralf Hartmer and Niels Storm and Sebastian B{\"o}cker and Charles
	P. Rodi and Franz Hillenkamp and Christian Jurinke and Dirk {van
	den Boom}},
  title = {{RNAse} {T1} mediated base-specific cleavage and {MALDI-TOF} {MS}
	for high-throughput comparative sequence analysis},
  journal = {Nucleic Acids Res.},
  year = {2003},
  volume = {31},
  pages = {e47},
  number = {9},
  fjournal = {Nucleic Acids Research}
}

@INPROCEEDINGS{HEB-STO-2001,
  author = {Heber, S. and Stoye, J.},
  title = {Finding all Common Intervals of $k$ Permutations},
  booktitle = {Proceedings of the 12th Annual Symposium on Combinatorial Pattern
	Matching, CPM 01},
  year = {2001},
  editor = {Amir, A. and Landau, G.},
  volume = {2089},
  series = {LNCS},
  pages = {207-218},
  publisher = {Springer Verlag}
}

@INPROCEEDINGS{HEB-STO-2001B,
  author = {Heber, S. and Stoye, J.},
  title = {Algorithms for Finding Gene Clusters},
  booktitle = {Proceedings of the 1st Workshop on Algorithms in BioInformatics,
	WABI 01},
  year = {2001},
  editor = {Gascuel, O. and Moret, B.},
  volume = {2149},
  series = {LNCS},
  pages = {254-265},
  publisher = {Springer Verlag}
}

@ARTICLE{HEB-STO-2003,
  author = {Heber, S. and Stoye, J.},
  title = {The {E}uropean {C}onference on {C}omputational {B}iology},
  journal = {Drug Discovery Today},
  year = {2003},
  volume = {8},
  pages = {113-114},
  number = {3}
}

@INPROCEEDINGS{HEB-STO-FRO-HOH-VIN-2002,
  author = {Heber, S. and Stoye, J. and Frohme, M. and Hoheisel, J. and Vingron,
	M.},
  title = {Resampling Methods in Physical Mapping},
  booktitle = {Classification, Automation, and New Media: Proc. 24th Annual Conference
	of the GfKl, 2000},
  year = {2002},
  editor = {Gaul, W. and Ritter, G.},
  volume = {20},
  series = {Studies in Classification, Data Analysis, and Knowledge Organization},
  pages = {437-444},
  publisher = {Springer Verlag}
}

@ARTICLE{HEB-STO-FRO-HOH-VIN-2000,
  author = {Heber, S. and Stoye, J. and Frohme, M. and Hoheisel, J. and Vingron,
	M.},
  title = {Contig Selection in Physical Mapping},
  journal = {J. Comp. Biol.},
  year = {2000},
  volume = {7},
  pages = {395-408},
  number = {3/4}
}

@INPROCEEDINGS{HEB-STO-HOH-VIN-2000,
  author = {Heber, S. and Stoye, J. and Hoheisel, J. and Vingron, M.},
  title = {Contig Selection in Physical Mapping},
  booktitle = {Proc. of the Fourth Annual International Conference on Computational
	Molecular Biology, RECOMB 2000},
  year = {2000},
  pages = {155-164},
  publisher = {ACM Press}
}

@ARTICLE{HIL-STO-1998,
  author = {Hildebrand, M. and Stoye, J.},
  title = {{Die Bedeutung der Zusammenarbeit der Disziplinen in der Anwendung
	-- erläutert anhand von Beispielen}},
  journal = {Der Mathematikunterricht},
  year = {1998},
  volume = {44},
  pages = {34-53},
  number = {6}
}

@INPROCEEDINGS{HON-SAD-SUN-2003,
  author = {Hon, W.-K. and Sadakane, K. and Sung, W.-K.},
  title = {Breaking a Time-and-space Barrier in Constructing Full-text Indices},
  booktitle = {Proceedings of the 44th Annual Symposium on Foundations of Computer
	Science, FOCS 2003},
  year = {2003},
  pages = {251-260},
  publisher = {IEEE Press}
}

@ARTICLE{HUY-SNE-BOR-2001,
  author = {Huynen, M. A. and Snel, B. and Bork, P.},
  title = {Inversions and the Dynamics of Eukaryotic Gene Order},
  journal = {Trends Genet.},
  year = {2001},
  volume = {17},
  pages = {304-306},
  number = {6}
}

@ARTICLE{idury95,
  author = {Ramana M. Idury and Michael S. Waterman},
  title = {A New Algorithm for {DNA} Sequence Assembly},
  journal = {Journal of Computational Biology},
  year = {1995},
  volume = {2},
  pages = {291--306},
  number = {2},
  owner = {quitzau},
  pdf = {/homes/quitzau/phd/references/fragment assembly/JCompBio.2.291-306.pdf},
  timestamp = {2007.03.21}
}

@ARTICLE{KAP-SHA-TAR-1999,
  author = {Kaplan, H. and Shamir, R. and Tarjan, R. E.},
  title = {A Faster and Simpler Algorithm for Sorting Signed Permutations by
	Reversals},
  journal = {SIAM J. Computing},
  year = {1999},
  volume = {29},
  pages = {880-892},
  number = {3}
}

@INPROCEEDINGS{KEC-SAN-1993,
  author = {Kececioglu, J. D. and Sankoff, D.},
  title = {Exact and Approximation Algorithms for Sorting by Reversals, With
	Applications to Genome Rearrangement},
  booktitle = {Proceedings of the 4th Annual Symposium on Combinatorial Pattern
	Matching, CPM 1993},
  year = {1993},
  editor = {Apostolico, A. and Crochemore, M. and Galil, Z. and Manber, U.},
  volume = {684},
  series = {LNCS},
  pages = {87-105},
  publisher = {Springer Verlag}
}

@INPROCEEDINGS{KEC-SAN-1994,
  author = {Kececioglu, J. D. and Sankoff, D.},
  title = {Efficient Bounds for Oriented Chromosome Inversion Distance},
  booktitle = {Proceedings of the 5th Annual Symposium on Combinatorial Pattern
	Matching, CPM 1994},
  year = {1994},
  editor = {Crochemore, M. and Gusfield, D.},
  volume = {807},
  series = {LNCS},
  pages = {307-325},
  publisher = {Springer Verlag}
}

@INPROCEEDINGS{KIM-JO-PAR-2004,
  author = {Kim, D. K. and Jo, J. and Park, H.},
  title = {A Fast Algorithm for Constructing Suffix Arrays for Fixed-Size Alphabets},
  booktitle = {Proceedings of the 3rd International Workshop on Experimental and
	Efficient Algorithms, WEA 2004},
  year = {2004},
  editor = {Ribeiro, C. C. and Martins, S. L.},
  volume = {3503},
  series = {LNCS},
  pages = {301-314},
  address = {Berlin},
  publisher = {Springer Verlag}
}

@INPROCEEDINGS{KIM-NA-KIM-PAR-2005,
  author = {Kim, D. K. and Na, J. C. and Kim, J. E. and Park, K.},
  title = {Efficient Implementation of Rank and Select Functions for Succinct
	Representation},
  booktitle = {Proceedings of the 4th International Workshop on Experimental and
	Efficient Algorithms, WEA 2005},
  year = {2005},
  editor = {Nikoletseas, S. E.},
  volume = {3503},
  series = {LNCS},
  pages = {315-327},
  address = {Berlin},
  publisher = {Springer Verlag}
}

@ARTICLE{KIM-SIM-PAR-PAR-2005,
  author = {Kim, D. K. and Sim, J. S. and Park, H. and Park, K.},
  title = {Constructing Suffix Arrays in Linear Time},
  journal = {J. Discr. Alg.},
  year = {2005},
  volume = {3},
  pages = {126-142},
  number = {2-4}
}

@ARTICLE{KLA-RAH-SCH-2004,
  author = {Klau, G. W. and Rahmann, S. and Schliep, A. and Vingron, M. and Reinert,
	K.},
  title = {Optimal robust non-unique probe selection using integer linear programming},
  journal = {Bioinformatics},
  year = {2004},
  volume = {20},
  pages = {i186--i193},
  number = {Suppl.1}
}

@ARTICLE{KO-ALU-2005,
  author = {Ko, P. and Aluru, S.},
  title = {Space-efficient Linear Time Construction of Suffix Arrays},
  journal = {J. Discr. Alg.},
  year = {2005},
  volume = {3},
  pages = {143-156},
  number = {2-4}
}

@ARTICLE{KRA-STO-VIN-2000,
  author = {Krause, A. and Stoye, J. and Vingron, M.},
  title = {The {SYSTERS} Protein Sequence Cluster Set},
  journal = {Nucleic Acids Res.},
  year = {2000},
  volume = {28},
  pages = {270-272},
  number = {1}
}

@ARTICLE{KUR-CHO-OHL-SCH-STO-GIE-2001,
  author = {Kurtz, S. and Choudhuri, J. V. and Ohlebusch, E. and Schleiermacher,
	C. and Stoye, J. and Giegerich, R.},
  title = {{REP}\-uter: the Manifold Applications of Repeat Analysis on a Genomic
	Scale},
  journal = {Nucleic Acids Res.},
  year = {2001},
  volume = {29},
  pages = {4643-4653},
  number = {22}
}

@INPROCEEDINGS{KUR-OHL-SCH-STO-GIE-2000,
  author = {Kurtz, S. and Ohlebusch, E. and Schleiermacher, C. and Stoye, J.
	and Giegerich, R.},
  title = {Computation and Visualization of Degenerate Repeats in Complete Genomes},
  booktitle = {Proc. of the Eighth International Conference on Intelligent Systems
	for Molecular Biology, ISMB 2000},
  year = {2000},
  pages = {228-238},
  publisher = {AAAI Press}
}

@ARTICLE{KUR-PHI-DEL-SMO-SHU-ANT-SAL-2004,
  author = {Kurtz, S. and Phillippy, A. and Delcher, A. L. and Smoot, M. and
	Shumway M. and Antonescu, C. and Salzberg, S. L.},
  title = {Versatile and Open Software for Comparing Large Genomes},
  journal = {Genome Biol.},
  year = {2004},
  volume = {5},
  pages = {R 12}
}

@ARTICLE{KAR-SAN,
  author = {Kärkkäinen, J. and Sanders, P.},
  title = {Linear work suffix array construction},
  journal = {J. ACM},
  year = {in press}
}

@INPROCEEDINGS{KAR-UKK-1996,
  author = {Kärkkäinen, J. and Ukkonen, E.},
  title = {{L}empel-{Z}iv Parsing and Sublinear-size Index Structures for String
	Matching},
  booktitle = {Proceedings of the 4th South Americal Workshop on String Processing,
	WSP 1996},
  year = {1996},
  pages = {141-155}
}

@ARTICLE{LEF-HON-BOE-STO-WIN-SCH-MOT-BOO-2004,
  author = {Michael Lefmann and Christiane Honisch and Sebastian Boecker and
	Niels Storm and Friedrich {von Wintzingerode} and Cord Schloetelburg
	and Annette Moter and Dirk {van den Boom} and Ulf B. Goebel},
  title = {A novel mass spectrometry based tool for genotypic identification
	of mycobacteria},
  journal = {J. Clin. Microbiol.},
  year = {2004},
  volume = {42},
  pages = {339--346},
  number = {1},
  fjournal = {Journal of Clinical Microbiology},
  pdf = {http://jcm.asm.org/cgi/reprint/42/1/339}
}

@ARTICLE{MAS-2003,
  author = {Maa\ss, M. G.},
  title = {Linear bidirectional on-line construction of affix trees},
  journal = {Algorithmica},
  year = {2003},
  volume = {37},
  pages = {43--74},
  number = {1}
}

@ARTICLE{MAN-MYE-1993,
  author = {Manber, U. and Myers, E. W.},
  title = {Suffix Arrays: A New Method for On-line Search},
  journal = {SIAM J. Computing},
  year = {1993},
  volume = {22},
  pages = {935-948}
}

@ARTICLE{MAN-FER-2004,
  author = {Manzini, G. and Ferragina, P.},
  title = {Engineering a Lightweight Suffix Array Construction Algorithm Matching},
  journal = {Algorithmica},
  year = {2004},
  volume = {40},
  pages = {33-50},
  number = {1}
}

@ARTICLE{MAR-PEL-NG-RIC-YEA-EIS-1999,
  author = {Marcotte, E. M. and Pellegrini, M. and Ng, H. L. and Rice, D. W.
	and Yeates, T. O. and Eisenberg, D.},
  title = {Detecting Protein Function and Protein-Protein Interactions from
	Genome Sequences},
  journal = {Science},
  year = {1999},
  volume = {285},
  pages = {751-753},
  keywords = {GENOME_STRUCTURE}
}

@ARTICLE{MCC-1976,
  author = {McCreight, E. M.},
  title = {A Space-Economical Suffix Tree Construction Algorithm},
  journal = {J. ACM},
  year = {1976},
  volume = {23},
  pages = {262-272},
  number = {2}
}

@ARTICLE{MER-HUY-JAE-SCH-BOR-SNE-2003,
  author = {von Mering, C. and Huynen, M. and Jaeggi, D. and Schmidt, S. and
	Bork, P. and Snel, B.},
  title = {{STRING}: A Database of Predicted Functional Associations Between
	Proteins},
  journal = {Nucleic Acids Res.},
  year = {2003},
  volume = {31},
  pages = {258-261},
  number = {1}
}

@ARTICLE{MEY-GOE-MCH-BAR-BEK-CLA-KAL-LIN-RUP-GIE-PUH-2003,
  author = {Meyer, F. and Goesmann, A. and McHardy, A. C. and Bartels, D. and
	Bekel, T. and Clausen, J. and Kalinowski, J. and Linke, B. and Rupp,
	O. and Giegerich, R. and Pühler, A.},
  title = {{GenDB}--An Open Source Genome Annotation System for Prokaryote Genomes},
  journal = {Nucleic Acids Res.},
  year = {2003},
  volume = {31},
  pages = {2187-2195},
  number = {8}
}

@PHDTHESIS{Moreno,
  author = {Eduardo Moreno},
  title = {De Bruijn graphs and sequences in languages with restrictions},
  school = {Universit\'{e} de Marne-La-Vall\'{e}e},
  year = {2005},
  month = {May},
  owner = {quitzau},
  pdf = {/homes/quitzau/phd/references/de Bruijn Graphs/moreno.pdf},
  timestamp = {2007.04.17}
}

@TECHREPORT{MOR-STO-DRE-1999,
  author = {Morgenstern, B. and Stoye, J. and Dress, A.},
  title = {Consistent Equivalence Relations: A Set-Theoretical Framework for
	Multiple Sequence Alignment},
  institution = {Universität Bielefeld, Forschungsschwerpunkt Mathematisierung --
	Strukturbildungsprozesse},
  year = {1999},
  type = {Materialien/Preprints},
  number = {133}
}

@ARTICLE{myers05,
  author = {Eugene W. Myers},
  title = {The fragment assembly string graphs},
  journal = {Bioinformatics},
  year = {2005},
  volume = {21},
  pages = {ii79--ii85},
  doi = {10.1093/bioinformatics/bti1114},
  owner = {quitzau},
  pdf = {/homes/quitzau/phd/references/fragment assembly/Bioinformatics.21.ii79-ii85.pdf},
  timestamp = {2007.04.19}
}

@INPROCEEDINGS{MAK-2000,
  author = {Mäkinen, V.},
  title = {Compact Suffix Array},
  booktitle = {Proceedings of the 11th Annual Symposium on Combinatorial Pattern
	Matching, CPM 2000},
  year = {2000},
  editor = {Giancarlo, R. and Sankoff, D.},
  volume = {1848},
  series = {LNCS},
  pages = {305-319},
  address = {Berlin},
  publisher = {Springer Verlag}
}

@ARTICLE{MAK-2003,
  author = {Mäkinen, V.},
  title = {Compact Suffix Array --- A Space-Efficient Full-Text Index},
  journal = {Fundamenta Informaticae},
  year = {2003},
  volume = {56},
  pages = {191-210},
  number = {1-2}
}

@INPROCEEDINGS{MAK-NAV-2005,
  author = {Mäkinen, V. and Navarro, G.},
  title = {Succinct Suffix Arrays Based on Run-length Encoding},
  booktitle = {Proceedings of the 16th Annual Symposium on Combinatorial Pattern
	Matching, CPM 2005},
  year = {2005},
  editor = {Apostolico, A. and Crochemore, M. and Park, K.},
  volume = {3537},
  series = {LNCS},
  pages = {45-56},
  address = {Berlin},
  publisher = {Springer Verlag}
}

@INPROCEEDINGS{MAK-NAV-2004,
  author = {Mäkinen, V. and Navarro, G.},
  title = {Compressed Compact Suffix Arrays},
  booktitle = {Proceedings of the 15th Annual Symposium on Combinatorial Pattern
	Matching, CPM 2004},
  year = {2004},
  editor = {Sahinalp, S. C. and Muthukrishnan, S. and Dogrusoz, U.},
  volume = {3109},
  series = {LNCS},
  pages = {420-433},
  address = {Berlin},
  publisher = {Springer Verlag}
}

@ARTICLE{MAK-NAV-2005B,
  author = {Mäkinen, V. and Navarro, G.},
  title = {Succinct Suffix Arrays Based on Run-length Encoding},
  journal = {Nordic J. Computing},
  year = {2005},
  volume = {12},
  pages = {40-66},
  number = {1}
}

@ARTICLE{NAV-2004,
  author = {Navarro, G.},
  title = {Indexing Text using the Ziv-Lempel Trie},
  journal = {J. Discr. Alg.},
  year = {2004},
  volume = {2},
  pages = {87-114},
  number = {1}
}

@ARTICLE{NAV-MAK-2006,
  author = {Navarro, G. and Mäkinen, V.},
  title = {Compressed Full-Text Indexes},
  journal = {ACM Comput. Surv.},
  year = {in press}
}

@ARTICLE{OVE-FON-DSO-PUS-MAL-1999,
  author = {Overbeek, R. and Fonstein, M. and D'Souza, M. and Pusch, G. D. and
	Maltsev, N.},
  title = {The Use of Gene Clusters to Infer Functional Coupling},
  journal = {Proc. Natl. Acad. Sci. USA},
  year = {1999},
  volume = {96},
  pages = {2896-2901},
  number = {6}
}

@UNPUBLISHED{PED-STO,
  author = {Pedersen, C. N. S. and Stoye, J.},
  title = {Reporting Maximal Pairs Using Sorted Leaf-Lists},
  note = {Un\-ver\-öffent\-lich\-tes Manuskript},
  year = {1998}
}

@INPROCEEDINGS{PER-DRE-STO-1995,
  author = {Perrey, S. W. and Dress, A. W. M. and Stoye, J.},
  title = {Statistics for Fragment Comparison -- A Biologically Motivated Approach
	to Sequence Alignment},
  booktitle = {Bioinformatik, Informatik in den Biowissenschaften, Braunschweig,
	Germany, October 9-11},
  year = {1995},
  editor = {Schomburg, D. and Lessel, U.}
}

@TECHREPORT{PER-STO-1996,
  author = {Perrey, S. W. and Stoye, J.},
  title = {Fast Approximation to the {NP}-Hard Problem of Multiple Sequence
	Alignment},
  institution = {Massey University, New Zealand},
  year = {1996},
  type = {Information and Mathematical Sciences Reports, Series B:},
  number = {96/06}
}

@TECHREPORT{PER-STO-MOU-1997,
  author = {Perrey, S. W. and Stoye, J. and Moulton, V.},
  title = {{FDCA}: Fast and Accurate Approximation to Sum-of-Pairs Score Optimal
	Multiple Sequence Alignment},
  institution = {Universität Bielefeld, Forschungsschwerpunkt Mathematisierung --
	Strukturbildungsprozesse},
  year = {1997},
  type = {Materialien/Preprints},
  number = {114}
}

@TECHREPORT{PER-STO-MOU-DRE-1997,
  author = {Perrey, S. W. and Stoye, J. and Moulton, V. and Dress, A. W. M.},
  title = {On Simultaneous versus Iterative Multiple Sequence Alignment},
  institution = {Universität Bielefeld, Forschungsschwerpunkt Mathematisierung --
	Strukturbildungsprozesse},
  year = {1997},
  type = {Materialien/Preprints},
  number = {111}
}

@INPROCEEDINGS{pevzner04,
  author = {Pavel A. Pevzner and Haixu Tang and Glenn Tesler},
  title = {\emph{De novo} Repeat Classification and Fragment Assembly},
  booktitle = {RECOMB'04},
  year = {2004},
  pages = {213--222},
  month = {March},
  owner = {quitzau},
  timestamp = {2006.10.27}
}

@ARTICLE{pevzner01a,
  author = {Pavel A. Pevzner and Haixu Tang and Michael S. Waterman},
  title = {An {E}ulerian path approach to {DNA} fragment assembly},
  journal = {Proceedings of the National Academy of Sciences},
  year = {2001},
  volume = {98},
  pages = {9748--9753},
  number = {17},
  month = {August},
  owner = {quitzau},
  pdf = {/homes/quitzau/phd/references/de Bruijn Graphs/PNAS.98.9748-9753.pdf},
  timestamp = {2006.05.30}
}

@ARTICLE{POL-BER-STO-CEL-EIS-2004,
  author = {Pollard, D. A. and Bergman, C. M. and Stoye, J. and Celniker, S.
	E. and Eisen, M. B.},
  title = {Benchmarking Tools for the Alignment of Functional Noncoding {DNA}},
  journal = {BMC Bioinformatics},
  year = {2004},
  volume = {5},
  number = {6}
}

@ARTICLE{PUG-SMY-TUR-2006,
  author = {Puglisi, S. J. and Smyth, W. F. and Turpin, A.},
  title = {A Taxonomy of Suffix Array Construction Algorithms},
  journal = {ACM Comput. Surv.},
  year = {in press}
}

@ARTICLE{RAH-2003,
  author = {Rahmann, S.},
  title = {Fast large scale oligonucleotide selection using the longest common
	factor approach},
  journal = {Journal of Bioinformatics and Computational Biology},
  year = {2003},
  volume = {1},
  pages = {343--361},
  number = {2}
}

@ARTICLE{RAH-2003B,
  author = {Rahmann, S.},
  title = {The shortest common supersequence problem in a microarray production
	setting},
  journal = {Bioinformatics},
  year = {2003},
  volume = {19},
  pages = {ii156--ii161},
  number = {Suppl.2},
  note = {ECCB special issue}
}

@ARTICLE{RAH-MUE-VIN-2003,
  author = {Rahmann, S. and , M{\"u}ler, T and Vingron, M.},
  title = {On the power of profiles for transcription factor biding site detection},
  journal = {Statistical Applications in Genetics and Molecular Biology},
  year = {2003},
  volume = {2},
  pages = {Article 7},
  number = {1},
  url = {http://www.bepress.com/sagmb/vol2/iss1/art7}
}

@ARTICLE{RAH-GRA-2004,
  author = {Rahmann, S. and Gr{\"a}fe, C.},
  title = {Mean and variance of the {G}ibbs free energy of oligonucleotides
	in the nearest neighbor model under varying conditions},
  journal = {Bioinformatics},
  year = {2004},
  volume = {20},
  pages = {2928--2933},
  number = {17}
}

@ARTICLE{raphael04,
  author = {Benjamin Raphael and Degui Zhi and Haixu Tang and Pavel A. Pevzner},
  title = {A novel method for multiple alignment of sequences with repeated
	and shuffled elements},
  journal = {Genome Research},
  year = {2004},
  volume = {14},
  pages = {2336--2346},
  owner = {quitzau},
  timestamp = {2007.04.19},
  url = {http://www.genome.org/cgi/doi/10.1101/gr.2657504}
}

@ARTICLE{RAS-STO-MYE-2006,
  author = {Rasmussen, K. and Stoye, J. and Myers, E. W.},
  title = {Efficient $q$-Gram Filters for Finding All $\epsilon$-Matches Over
	a Given Length},
  journal = {J. Comp. Biol.},
  year = {2006},
  volume = {13},
  pages = {296-308},
  number = {2}
}

@ARTICLE{REI-STO-WIL-2000,
  author = {Reinert, K. and Stoye, J. and Will, T.},
  title = {An Iterative Method for Faster Sum-of-Pairs Multiple Sequence Alignment},
  journal = {Bioinformatics},
  year = {2000},
  volume = {16},
  pages = {808-814},
  number = {9}
}

@INPROCEEDINGS{REI-STO-WIL-1999,
  author = {Reinert, K. and Stoye, J. and Will, T.},
  title = {Combining Divide-and-Conquer, the $\cal{A}^*$-Algorithm, and Successive
	Realignment Approaches to Speed up Multiple Sequence Alignment},
  booktitle = {Proc. of the German Conference on Bioinformatics, GCB 1999},
  year = {1999},
  pages = {17-24}
}

@INPROCEEDINGS{SAD-2000,
  author = {Sadakane, K.},
  title = {Compressed Text Databases with Efficient Query Algorithms based on
	the Compressed Suffix Array},
  booktitle = {Proc. of the International Symposium on Algorithms and Computation,
	ISAAC 2000},
  year = {2000},
  volume = {1969},
  series = {LNCS},
  pages = {410-421},
  address = {Berlin},
  publisher = {Springer Verlag}
}

@ARTICLE{SAI-NEI-1987,
  author = {Saitou, N. and Nei, M.},
  title = {The Neighbor-Joining Method: A New Method for Reconstructing Phylogenetic
	Trees},
  journal = {Mol. Biol. Evol.},
  year = {1987},
  volume = {4},
  pages = {406-425},
  number = {4}
}

@ARTICLE{SAM-MOR-STO-2003,
  author = {Sammeth, M. and Morgenstern, B. and Stoye, J.},
  title = {Divide-and-conquer Multiple Alignment with Segment-Based Constraints},
  journal = {Bioinformatics},
  year = {2003},
  volume = {19},
  pages = {ii189-ii195},
  number = {Suppl. 2},
  note = {(Proceedings of ECCB 2003)}
}

@ARTICLE{SAM-ROT-ESS-ALB-STO-HAR-2003,
  author = {Sammeth, M. and Rothgänger, J. and Esser, W. and Albert, J. and Stoye,
	J. and Harmsen, D.},
  title = {{QAlign}: Quality-Based Multiple Alignments with Dynamic Phylogenetic
	Analysis},
  journal = {Bioinformatics},
  year = {2003},
  volume = {19},
  pages = {1592-1593},
  number = {12}
}

@INPROCEEDINGS{SAN-1992,
  author = {Sankoff, D.},
  title = {Edit Distance for Genome Comparison Based on Non-Local Operations},
  booktitle = {Proceedings of the Third Annual Symposium on Combinatorial Pattern
	Matching, CPM 1992},
  year = {1992},
  editor = {Apostolico, A. and Crochemore, M. and Galil, Z. and Manber, U.},
  volume = {644},
  series = {LNCS},
  pages = {121-135},
  publisher = {Springer Verlag}
}

@INPROCEEDINGS{SCH-TOR-RAH-2003,
  author = {Schliep, A. and Torney, D. C. and Rahmann, S.},
  title = {Group testing with DNA chips: Generating designs and decoding experiments},
  booktitle = {Proceedings of the 2nd IEEE Computer Society Bioinformatics Conference
	(CSB 2003)},
  year = {2003},
  pages = {84--93}
}

@INPROCEEDINGS{SCH-STO-2004,
  author = {Schmidt, T. and Stoye, J.},
  title = {Quadratic Time Algorithms for Finding Common Intervals in Two and
	More Sequences},
  booktitle = {Proc. 15th Annual Symposium on Combinatorial Pattern Matching (CPM
	2004)},
  year = {2004},
  volume = {3109},
  series = {LNCS},
  pages = {347--358},
  noeditor = {Sahinalp, S. C. and Muthukrishnan, S. and Dogrusoz, U.},
  nopublisher = {Springer Verlag},
  optaddress = {Berlin}
}

@ARTICLE{SCH-STO-2007,
  author = {K.-B. Sch{\"u}rmann and J. Stoye},
  title = {An Incomplex Algorithm for Fast Suffix Array Construction},
  journal = {Software: Practice and Experience},
  year = {2007},
  volume = {37},
  pages = {309--329},
  number = {3},
  owner = {heike},
  timestamp = {2007.05.11}
}

@ARTICLE{SCH-STO,
  author = {Schürmann, K.-B. and Stoye, J.},
  title = {An \marginstar Incomplex Algorithm for Fast Suffix Array Construction},
  journal = {Softw. Pract. Exper.},
  year = {in press}
}

@TECHREPORT{SCH-STO-2003,
  author = {Schürmann, K.-B. and Stoye, J.},
  title = {Suffix Tree Construction and Storage with Limited Main Memory},
  institution = {Technische Fakult{\"a}t der Universit{\"a}t Bielefeld, Abteilung
	Informationstechnik},
  year = {2003},
  type = {Report},
  number = {2003-06}
}

@ARTICLE{SPA-REH-STO-2002,
  author = {Spang, R. and Rehmsmeier, M. and Stoye, J.},
  title = {A Novel Approach to Remote Homology Detection: Jumping Alignments},
  journal = {J. Comp. Biol.},
  year = {2002},
  volume = {9},
  pages = {747-760},
  number = {5}
}

@INPROCEEDINGS{SPA-REH-STO-2000,
  author = {Spang, R. and Rehmsmeier, M. and Stoye, J.},
  title = {Sequence Database Search Using Jumping Align\-ments},
  booktitle = {Proc. of the Eighth International Conference on Intelligent Systems
	for Molecular Biology, ISMB 2000},
  year = {2000},
  pages = {367-375},
  publisher = {AAAI Press}
}

@ARTICLE{STA-ZAB-MEE-REM-GAN-STO-HAR-RON-ROD-BOE-BOO-2004,
  author = {Patrick Stanssens and Marc Zabeau and Geert Meersseman and Gwen Remes
	and Yannick Gansemans and Niels Storm and Ralf Hartmer and Christiane
	Honisch and Charles P. Rodi and Sebastian B{\"o}cker and Dirk {van
	den Boom}},
  title = {High-throughput {MALDI-TOF} Discovery of Genomic Sequence Polymorphisms},
  journal = {Genome Res.},
  year = {2004},
  volume = {14},
  pages = {126--133},
  pdf = {http://www.genome.org/cgi/content/full/14/1/126}
}

@TECHREPORT{STO-2000,
  author = {Stoye, J.},
  title = {Affix Trees},
  institution = {Technische Fakult{\"a}t der Universit{\"a}t Bielefeld, Abteilung
	Informationstechnik},
  year = {2000},
  type = {Report},
  number = {2000-04}
}

@ARTICLE{STO-1998,
  author = {Stoye, J.},
  title = {Multiple Sequence Alignment with the Divide-and-Conquer Method},
  journal = {Gene},
  year = {1998},
  volume = {211},
  pages = {GC45-GC56},
  number = {2}
}

@TECHREPORT{STO-1997,
  author = {Stoye, J.},
  title = {Divide-and-Conquer Multiple Sequence Alignment. {Dissertation Thesis}},
  institution = {Technische Fakultät der Universität Bielefeld, Abteilung Informationstechnik},
  year = {1997},
  type = {Report},
  number = {97-02}
}

@MASTERSTHESIS{STO-1995,
  author = {Stoye, J.},
  title = {Affixbäume},
  school = {Technische Fakultät der Universität Bielefeld},
  year = {1995},
  type = {Diplomarbeit}
}

@TECHREPORT{STO-DRE-PER-1996,
  author = {Stoye, J. and Dress, A. W. M. and Perrey, S. W.},
  title = {Improving the Divide-and-Conquer Approach to Sum-of-Pairs Multiple
	Sequence Alignment},
  institution = {Universität Bielefeld, Forschungsschwerpunkt Mathematisierung --
	Strukturbildungsprozesse},
  year = {1996},
  type = {Materialien/Preprints},
  number = {102}
}

@ARTICLE{STO-EVE-MEY-1998,
  author = {Stoye, J. and Evers, D. and Meyer, F.},
  title = {Rose: Generating Sequence Families},
  journal = {Bioinformatics},
  year = {1998},
  volume = {14},
  pages = {157-163},
  number = {2}
}

@INPROCEEDINGS{STO-EVE-MEY-1997,
  author = {Stoye, J. and Evers, D. and Meyer, F.},
  title = {Generating Benchmarks for Multiple Sequence Alignments and Phylogenetic
	Reconstructions},
  booktitle = {Proc. of the Third International Conference on Intelligent Systems
	for Molecular Biology, ISMB 1997},
  year = {1997},
  pages = {303-306},
  publisher = {AAAI Press}
}

@TECHREPORT{STO-EVE-MEY-1997B,
  author = {Stoye, J. and Evers, D. and Meyer, F.},
  title = {Rose: Generating Sequence Families},
  institution = {Technische Fakultät der Universität Bielefeld, Abteilung Informationstechnik},
  year = {1997},
  type = {Report},
  number = {97-04}
}

@INPROCEEDINGS{STO-GUS-1998B,
  author = {Stoye, J. and Gusfield, D.},
  title = {Simple and Flexible Detection of Contiguous Repeats Using a Suffix
	Tree},
  booktitle = {Proceedings of the 9th Annual Symposium on Combinatorial Pattern
	Matching, CPM 1998},
  year = {1998},
  editor = {Farach, M.},
  volume = {1448},
  series = {LNCS},
  pages = {140-152},
  publisher = {Springer Verlag}
}

@ARTICLE{STO-GUS-2002,
  author = {Stoye, J. and Gusfield, D.},
  title = {Simple and Flexible Detection of Contiguous Repeats Using a Suffix
	Tree},
  journal = {Theor. Comput. Sci.},
  year = {2002},
  volume = {270},
  pages = {843-856},
  number = {1-2}
}

@TECHREPORT{STO-GUS-1998,
  author = {Stoye, J. and Gusfield, D.},
  title = {Simple and Flexible Detection of Contiguous Repeats Using a Suffix
	Tree},
  institution = {Department of Computer Science, University of California, Davis},
  year = {1998},
  type = {Report},
  number = {CSE-98-2},
  annote = {for conference version, see \cite{STO-GUS-1998B}},
  keywords = {STRING_ALGORITHMS,REPEATS,EXACT_REPEATS,EXACT_TANDEM_REPEATS}
}

@ARTICLE{STO-MOU-DRE-1997,
  author = {Stoye, J. and Moulton, V. and Dress, A. W. M.},
  title = {{DCA}: An Efficient Implementation of the Divide-and-Conquer Approach
	to Simultaneous Multiple Sequence Alignment},
  journal = {CABIOS},
  year = {1997},
  volume = {13},
  pages = {625-626},
  number = {6}
}

@ARTICLE{STO-PER-DRE-1997,
  author = {Stoye, J. and Perrey, S. W. and Dress, A. W. M.},
  title = {Improving the Divide-and-Conquer Approach to Sum-of-Pairs Multiple
	Sequence Alignment},
  journal = {Appl. Math. Lett.},
  year = {1997},
  volume = {10},
  pages = {67-73},
  number = {2}
}

@ARTICLE{TAM-CAS-OUZ-VAL-1997,
  author = {Tamames, J. and Casari, G. and Ouzounis, C. and Valencia, A.},
  title = {Conserved Clusters of Functionally Related Genes in Two Bacterial
	Genomes},
  journal = {J. Mol. Evol.},
  year = {1997},
  volume = {44},
  pages = {66-73},
  number = {1}
}

@ARTICLE{TAM-GON-MIN-VAL-VIC-2001,
  author = {Tamames, J. and Gonzalez-Moreno, M. and Mingorance, J. and Valencia,
	A. and Vicente, M.},
  title = {Bringing Gene Order into Bacterial Shape},
  journal = {Trends Genet.},
  year = {2001},
  volume = {17},
  pages = {124-126},
  number = {3}
}

@ARTICLE{TAT-MUS-BOR-BRO-HAY-BOR-RUD-KOO-1996,
  author = {Tatusov, R. L. and Mushegian, A. R. and Bork, P. and Brown, N. P.
	and Hayes, W. S. and Borodovsky, M. and Rudd, K. E. and Koonin,
	E. V.},
  title = {Metabolism and Evolution of \textit{{H}aemophilus {i}nfluenzae} Deduced
	form a Whole-Genome Comparison with \textit{{E}scherichia {c}oli}},
  journal = {Curr. Biol.},
  year = {1996},
  volume = {6},
  pages = {279-291}
}

@ARTICLE{TAT-NAT-GAR-TAT-SHA-RAO-KIR-GAL-FED-KOO-2001,
  author = {Tatusov, R. L. and Natale, D. A. and Garkavtsev I. V. and Tatusova,
	T. A. and Shankavaram, U. T. and Rao, B. S. and Kiryutin, B. and
	Galperin, M. Y. and Fedorova, N. D. and Koonin E. V.},
  title = {The {COG} Database: New Developments in Phylogenetic Classification
	of Proteins from Complete Genomes},
  journal = {Nucleic Acids Res.},
  year = {2001},
  volume = {29},
  pages = {22-28},
  number = {1}
}

@ARTICLE{TON-PER-STO-DRE-1996,
  author = {T{\"o}nges, U. and Perrey, S. W. and Stoye, J. and Dress, A. W. M.},
  title = {A General Method for Fast Multiple Sequence Alignment},
  journal = {Gene},
  year = {1996},
  volume = {172},
  pages = {GC33-GC41},
  number = {1}
}

@TECHREPORT{TON-PER-STO-DRE-1996B,
  author = {T{\"o}nges, U. and Perrey, S. W. and Stoye, J. and Dress, A. W. M.},
  title = {A General Method for Fast Multiple Sequence Alignment},
  institution = {Universität Bielefeld, Forschungsschwerpunkt Mathematisierung --
	Strukturbildungsprozesse},
  year = {1996},
  type = {Materialien/Preprints},
  number = {XCIX}
}

@ARTICLE{UKK-1995,
  author = {Ukkonen, E.},
  title = {On-line Construction of Suffix Trees},
  journal = {Algorithmica},
  year = {1995},
  volume = {14},
  pages = {249-260},
  number = {3}
}

@ARTICLE{UNO-YAG-2000,
  author = {Uno, T. and Yagiura, M.},
  title = {Fast Algorithms to Enumerate All Common Intervals of Two Permutations},
  journal = {Algorithmica},
  year = {2000},
  volume = {26},
  pages = {290-309},
  number = {2}
}

@INPROCEEDINGS{WAL-CUR-OLI-2003,
  author = {Walter, M. E. M. T. and Curado, L. R. A. F. and Oliveira, A. G.},
  title = {Working on the Problem of Sorting by Transpositions on Genome Rearrangements},
  booktitle = {Proceedings of the 14th Annual Symposium on Combinatorial Pattern
	Matching, CPM 2003},
  year = {2003},
  editor = {Baeza-Yates, R. and Chávez, E. and Crochemore, M.},
  volume = {2676},
  series = {LNCS},
  pages = {372-383},
  publisher = {Springer Verlag}
}

@ARTICLE{WAT-EWE-HAL-MOR-1982,
  author = {Watterson, G. A. and Ewens, W. J. and Hall, T. E. and Morgan, A.},
  title = {The Cromosome Inversion Problem},
  journal = {J. Theor. Biol.},
  year = {1982},
  volume = {99},
  pages = {1-7}
}

@INPROCEEDINGS{WEI-1973,
  author = {Weiner, P.},
  title = {Linear Pattern Matching Algorithms},
  booktitle = {Proc. of the 14th Annual IEEE Symposium on Switching and Automata
	Theory},
  year = {1973},
  pages = {1-11},
  publisher = {IEEE Press}
}

@PROCEEDINGS{GCB-2000,
  title = {Proceedings of the German Conference on Bioinformatics, GCB 2000},
  year = {2000},
  editor = {Bornberg-Bauer, E. and Rost, U. and Stoye, J. and Vingron, M.},
  address = {Berlin},
  publisher = {Logos Verlag},
  organization = {European Media Laboratory (EML) and German Cancer Research Center
	(DKFZ) Heidelberg}
}

@PROCEEDINGS{DBLP:conf/alenex/2005,
  title = {Proceedings of the Seventh Workshop on Algorithm Engineering and
	Experiments and the Second Workshop on Analytic Algorithmics and
	Combinatorics, ALENEX /ANALCO 2005, Vancouver, BC, Canada, 22 January
	2005},
  year = {2005},
  editor = {Camil Demetrescu and Robert Sedgewick and Roberto Tamassia},
  publisher = {SIAM},
  bibsource = {DBLP, http://dblp.uni-trier.de},
  booktitle = {ALENEX/ANALCO},
  isbn = {0-89871-596-2}
}

@PROCEEDINGS{GAS-2005,
  year = {2005},
  editor = {O. Gascuel},
  address = {Oxford, UK},
  publisher = {Oxford University Press},
  booktitle = {Mathematics of Evolution and Phylogeny}
}

