@PHDTHESIS{Moreno,
  author = {Eduardo Moreno},
  title = {De Bruijn graphs and sequences in languages with restrictions},
  school = {Universit\'{e} de Marne-La-Vall\'{e}e},
  year = {2005},
  month = {May},
  owner = {quitzau},
  pdf = {/homes/quitzau/phd/references/de Bruijn Graphs/moreno.pdf},
  timestamp = {2007.04.17}
}

@ARTICLE{idury95,
  author = {Ramana M. Idury and Michael S. Waterman},
  title = {A New Algorithm for {DNA} Sequence Assembly},
  journal = {Journal of Computational Biology},
  year = {1995},
  volume = {2},
  pages = {291--306},
  number = {2},
  owner = {quitzau},
  pdf = {/homes/quitzau/phd/references/fragment assembly/JCompBio.2.291-306.pdf},
  timestamp = {2007.03.21}
}

@ARTICLE{pevzner01a,
  author = {Pavel A. Pevzner and Haixu Tang and Michael S. Waterman},
  title = {An {E}ulerian path approach to {DNA} fragment assembly},
  journal = {Proceedings of the National Academy of Sciences},
  year = {2001},
  volume = {98},
  pages = {9748--9753},
  number = {17},
  month = {August},
  owner = {quitzau},
  pdf = {/homes/quitzau/phd/references/de Bruijn Graphs/PNAS.98.9748-9753.pdf},
  timestamp = {2006.05.30}
}

@INPROCEEDINGS{pevzner04,
  author = {Pavel A. Pevzner and Haixu Tang and Glenn Tesler},
  title = {\emph{De novo} Repeat Classification and Fragment Assembly},
  booktitle = {RECOMB'04},
  year = {2004},
  pages = {213--222},
  month = {March},
  owner = {quitzau},
  timestamp = {2006.10.27}
}

@ARTICLE{myers05,
  author = {Eugene W. Myers},
  title = {The fragment assembly string graphs},
  journal = {Bioinformatics},
  year = {2005},
  volume = {21},
  pages = {ii79--ii85},
  doi = {10.1093/bioinformatics/bti1114},
  owner = {quitzau},
  pdf = {/homes/quitzau/phd/references/fragment assembly/Bioinformatics.21.ii79-ii85.pdf},
  timestamp = {2007.04.19}
}

@ARTICLE{raphael04,
  author = {Benjamin Raphael and Degui Zhi and Haixu Tang and Pavel Pevzner},
  title = {A novel method for multiple alignment of sequences with repeated
	and shuffled elements},
  journal = {Genome Research},
  year = {2004},
  volume = {14},
  pages = {2336--2346},
  owner = {quitzau},
  timestamp = {2007.04.19},
  url = {http://www.genome.org/cgi/doi/10.1101/gr.2657504}
}

